%YAML 1.1
%TAG !u! tag:unity3d.com,2011:
--- !u!1 &963001881099536256
GameObject:
  m_ObjectHideFlags: 0
  m_CorrespondingSourceObject: {fileID: 0}
  m_PrefabInstance: {fileID: 0}
  m_PrefabAsset: {fileID: 0}
  serializedVersion: 6
  m_Component:
  - component: {fileID: 4825448726649530719}
  - component: {fileID: 1611338551156071980}
  - component: {fileID: 8899879644086707167}
  m_Layer: 0
  m_Name: Cylinder
  m_TagString: Untagged
  m_Icon: {fileID: 0}
  m_NavMeshLayer: 0
  m_StaticEditorFlags: 0
  m_IsActive: 1
--- !u!4 &4825448726649530719
Transform:
  m_ObjectHideFlags: 0
  m_CorrespondingSourceObject: {fileID: 0}
  m_PrefabInstance: {fileID: 0}
  m_PrefabAsset: {fileID: 0}
  m_GameObject: {fileID: 963001881099536256}
  m_LocalRotation: {x: 0, y: 0, z: 0, w: 1}
  m_LocalPosition: {x: 0, y: 0, z: 0}
  m_LocalScale: {x: 7, y: 0.001, z: 7}
  m_Children: []
  m_Father: {fileID: 7304531160272616198}
  m_RootOrder: 0
  m_LocalEulerAnglesHint: {x: 0, y: 0, z: 0}
--- !u!33 &1611338551156071980
MeshFilter:
  m_ObjectHideFlags: 0
  m_CorrespondingSourceObject: {fileID: 0}
  m_PrefabInstance: {fileID: 0}
  m_PrefabAsset: {fileID: 0}
  m_GameObject: {fileID: 963001881099536256}
  m_Mesh: {fileID: 10206, guid: 0000000000000000e000000000000000, type: 0}
--- !u!23 &8899879644086707167
MeshRenderer:
  m_ObjectHideFlags: 0
  m_CorrespondingSourceObject: {fileID: 0}
  m_PrefabInstance: {fileID: 0}
  m_PrefabAsset: {fileID: 0}
  m_GameObject: {fileID: 963001881099536256}
  m_Enabled: 0
  m_CastShadows: 1
  m_ReceiveShadows: 1
  m_DynamicOccludee: 1
  m_StaticShadowCaster: 0
  m_MotionVectors: 1
  m_LightProbeUsage: 1
  m_ReflectionProbeUsage: 1
  m_RayTracingMode: 2
  m_RayTraceProcedural: 0
  m_RenderingLayerMask: 1
  m_RendererPriority: 0
  m_Materials:
  - {fileID: 2100000, guid: 31321ba15b8f8eb4c954353edc038b1d, type: 2}
  m_StaticBatchInfo:
    firstSubMesh: 0
    subMeshCount: 0
  m_StaticBatchRoot: {fileID: 0}
  m_ProbeAnchor: {fileID: 0}
  m_LightProbeVolumeOverride: {fileID: 0}
  m_ScaleInLightmap: 1
  m_ReceiveGI: 1
  m_PreserveUVs: 0
  m_IgnoreNormalsForChartDetection: 0
  m_ImportantGI: 0
  m_StitchLightmapSeams: 1
  m_SelectedEditorRenderState: 3
  m_MinimumChartSize: 4
  m_AutoUVMaxDistance: 0.5
  m_AutoUVMaxAngle: 89
  m_LightmapParameters: {fileID: 0}
  m_SortingLayerID: 0
  m_SortingLayer: 0
  m_SortingOrder: 0
  m_AdditionalVertexStreams: {fileID: 0}
--- !u!1 &3328197568057631627
GameObject:
  m_ObjectHideFlags: 0
  m_CorrespondingSourceObject: {fileID: 0}
  m_PrefabInstance: {fileID: 0}
  m_PrefabAsset: {fileID: 0}
  serializedVersion: 6
  m_Component:
  - component: {fileID: 7304531160272616198}
  - component: {fileID: 3043348824719120507}
  - component: {fileID: 4455633302000355469}
  m_Layer: 9
  m_Name: Searchlight
  m_TagString: Untagged
  m_Icon: {fileID: 0}
  m_NavMeshLayer: 0
  m_StaticEditorFlags: 0
  m_IsActive: 1
--- !u!4 &7304531160272616198
Transform:
  m_ObjectHideFlags: 0
  m_CorrespondingSourceObject: {fileID: 0}
  m_PrefabInstance: {fileID: 0}
  m_PrefabAsset: {fileID: 0}
  m_GameObject: {fileID: 3328197568057631627}
  m_LocalRotation: {x: 0, y: 0, z: 0, w: 1}
  m_LocalPosition: {x: 0, y: 0, z: 0}
  m_LocalScale: {x: 1, y: 1, z: 1}
  m_Children:
  - {fileID: 4825448726649530719}
  - {fileID: 7093450758135667866}
  m_Father: {fileID: 0}
  m_RootOrder: 0
  m_LocalEulerAnglesHint: {x: 0, y: 0, z: 0}
--- !u!136 &3043348824719120507
CapsuleCollider:
  m_ObjectHideFlags: 0
  m_CorrespondingSourceObject: {fileID: 0}
  m_PrefabInstance: {fileID: 0}
  m_PrefabAsset: {fileID: 0}
  m_GameObject: {fileID: 3328197568057631627}
  m_Material: {fileID: 0}
  m_IsTrigger: 1
  m_Enabled: 1
  m_Radius: 3.5
  m_Height: 50
  m_Direction: 1
  m_Center: {x: 0, y: 0, z: 0}
--- !u!114 &4455633302000355469
MonoBehaviour:
  m_ObjectHideFlags: 0
  m_CorrespondingSourceObject: {fileID: 0}
  m_PrefabInstance: {fileID: 0}
  m_PrefabAsset: {fileID: 0}
  m_GameObject: {fileID: 3328197568057631627}
  m_Enabled: 1
  m_EditorHideFlags: 0
  m_Script: {fileID: 11500000, guid: c2a6be703a9f53f49b451e852f44cb37, type: 3}
  m_Name: 
  m_EditorClassIdentifier: 
--- !u!1001 &7348263381072853873
PrefabInstance:
  m_ObjectHideFlags: 0
  serializedVersion: 2
  m_Modification:
    m_TransformParent: {fileID: 7304531160272616198}
    m_Modifications:
    - target: {fileID: -8679921383154817045, guid: 56d306cc09b7910468a445dac1bc02b2, type: 3}
      propertyPath: m_RootOrder
      value: 1
      objectReference: {fileID: 0}
    - target: {fileID: -8679921383154817045, guid: 56d306cc09b7910468a445dac1bc02b2, type: 3}
      propertyPath: m_LocalPosition.x
      value: 5.68
      objectReference: {fileID: 0}
    - target: {fileID: -8679921383154817045, guid: 56d306cc09b7910468a445dac1bc02b2, type: 3}
      propertyPath: m_LocalPosition.y
      value: 27.05
      objectReference: {fileID: 0}
    - target: {fileID: -8679921383154817045, guid: 56d306cc09b7910468a445dac1bc02b2, type: 3}
      propertyPath: m_LocalPosition.z
      value: -1.3
      objectReference: {fileID: 0}
    - target: {fileID: -8679921383154817045, guid: 56d306cc09b7910468a445dac1bc02b2, type: 3}
      propertyPath: m_LocalRotation.w
      value: 0.55927014
      objectReference: {fileID: 0}
    - target: {fileID: -8679921383154817045, guid: 56d306cc09b7910468a445dac1bc02b2, type: 3}
      propertyPath: m_LocalRotation.x
      value: -0
      objectReference: {fileID: 0}
    - target: {fileID: -8679921383154817045, guid: 56d306cc09b7910468a445dac1bc02b2, type: 3}
      propertyPath: m_LocalRotation.y
      value: 0.82898545
      objectReference: {fileID: 0}
    - target: {fileID: -8679921383154817045, guid: 56d306cc09b7910468a445dac1bc02b2, type: 3}
      propertyPath: m_LocalRotation.z
      value: -0
      objectReference: {fileID: 0}
    - target: {fileID: -8679921383154817045, guid: 56d306cc09b7910468a445dac1bc02b2, type: 3}
      propertyPath: m_LocalEulerAnglesHint.x
      value: 0
      objectReference: {fileID: 0}
    - target: {fileID: -8679921383154817045, guid: 56d306cc09b7910468a445dac1bc02b2, type: 3}
      propertyPath: m_LocalEulerAnglesHint.y
      value: 111.989
      objectReference: {fileID: 0}
    - target: {fileID: -8679921383154817045, guid: 56d306cc09b7910468a445dac1bc02b2, type: 3}
      propertyPath: m_LocalEulerAnglesHint.z
      value: 0
      objectReference: {fileID: 0}
    - target: {fileID: -7511558181221131132, guid: 56d306cc09b7910468a445dac1bc02b2, type: 3}
      propertyPath: m_Materials.Array.data[0]
      value: 
      objectReference: {fileID: 2100000, guid: 7c065f558c2bfa544a688f44e41ca252, type: 2}
    - target: {fileID: 919132149155446097, guid: 56d306cc09b7910468a445dac1bc02b2, type: 3}
      propertyPath: m_Name
      value: fake_volume_light_double
      objectReference: {fileID: 0}
    m_RemovedComponents: []
  m_SourcePrefab: {fileID: 100100000, guid: 56d306cc09b7910468a445dac1bc02b2, type: 3}
--- !u!4 &7093450758135667866 stripped
Transform:
  m_CorrespondingSourceObject: {fileID: -8679921383154817045, guid: 56d306cc09b7910468a445dac1bc02b2, type: 3}
  m_PrefabInstance: {fileID: 7348263381072853873}
  m_PrefabAsset: {fileID: 0}
