%YAML 1.1
%TAG !u! tag:unity3d.com,2011:
--- !u!1 &1633865541529781056
GameObject:
  m_ObjectHideFlags: 0
  m_CorrespondingSourceObject: {fileID: 0}
  m_PrefabInstance: {fileID: 0}
  m_PrefabAsset: {fileID: 0}
  serializedVersion: 6
  m_Component:
  - component: {fileID: 1633865541529781057}
  m_Layer: 0
  m_Name: _Curva_prafab
  m_TagString: Untagged
  m_Icon: {fileID: 0}
  m_NavMeshLayer: 0
  m_StaticEditorFlags: 0
  m_IsActive: 1
--- !u!4 &1633865541529781057
Transform:
  m_ObjectHideFlags: 0
  m_CorrespondingSourceObject: {fileID: 0}
  m_PrefabInstance: {fileID: 0}
  m_PrefabAsset: {fileID: 0}
  m_GameObject: {fileID: 1633865541529781056}
  m_LocalRotation: {x: 0, y: 0, z: 0, w: 1}
  m_LocalPosition: {x: 0, y: 0, z: 0}
  m_LocalScale: {x: 1, y: 1, z: 1}
  m_Children:
  - {fileID: 1674477316990137991}
  - {fileID: 1674477316847229113}
  - {fileID: 1674477316171579292}
  - {fileID: 1674477316427118534}
  - {fileID: 1674477316568804585}
  m_Father: {fileID: 1633865541967363730}
  m_RootOrder: 2
  m_LocalEulerAnglesHint: {x: 0, y: 0, z: 0}
--- !u!1 &1633865541967363728
GameObject:
  m_ObjectHideFlags: 0
  m_CorrespondingSourceObject: {fileID: 0}
  m_PrefabInstance: {fileID: 0}
  m_PrefabAsset: {fileID: 0}
  serializedVersion: 6
  m_Component:
  - component: {fileID: 1633865541967363730}
  - component: {fileID: 1633865541967363729}
  m_Layer: 0
  m_Name: PoolSnowBall
  m_TagString: Untagged
  m_Icon: {fileID: 0}
  m_NavMeshLayer: 0
  m_StaticEditorFlags: 0
  m_IsActive: 1
--- !u!4 &1633865541967363730
Transform:
  m_ObjectHideFlags: 0
  m_CorrespondingSourceObject: {fileID: 0}
  m_PrefabInstance: {fileID: 0}
  m_PrefabAsset: {fileID: 0}
  m_GameObject: {fileID: 1633865541967363728}
  m_LocalRotation: {x: 0, y: 0, z: 0, w: 1}
  m_LocalPosition: {x: 0, y: 0, z: -10.96}
  m_LocalScale: {x: 1, y: 1, z: 1}
  m_Children:
  - {fileID: 1633865542068702807}
  - {fileID: 1633865542006906737}
  - {fileID: 1633865541529781057}
  m_Father: {fileID: 0}
  m_RootOrder: 0
  m_LocalEulerAnglesHint: {x: 0, y: 0, z: 0}
--- !u!114 &1633865541967363729
MonoBehaviour:
  m_ObjectHideFlags: 0
  m_CorrespondingSourceObject: {fileID: 0}
  m_PrefabInstance: {fileID: 0}
  m_PrefabAsset: {fileID: 0}
  m_GameObject: {fileID: 1633865541967363728}
  m_Enabled: 1
  m_EditorHideFlags: 0
  m_Script: {fileID: 11500000, guid: 3fe5e6bd550b35c429c7fd432664655d, type: 3}
  m_Name: 
  m_EditorClassIdentifier: 
  List:
  - names: SnowBall1
    objects:
    - {fileID: 8403648684188082951}
    - {fileID: 6140482307845179615}
    - {fileID: 6140482309281400797}
    - {fileID: 6140482308912306498}
    - {fileID: 6140482309061773701}
    - {fileID: 7197224058026444308}
    - {fileID: 1365958679298651089}
    - {fileID: 5201419104495077883}
    - {fileID: 1207449943363749299}
    - {fileID: 7519256502623334976}
  - names: SnowBall2
    objects:
    - {fileID: 1851165472344139555}
    - {fileID: 2254598856468140367}
    - {fileID: 2254598856711180013}
    - {fileID: 2254598855115661575}
    - {fileID: 2254598855247372070}
    - {fileID: 4412482379410702172}
    - {fileID: 2065256691579784622}
    - {fileID: 1639607707069186641}
    - {fileID: 1653264043499460129}
    - {fileID: 8712755116193233684}
  - names: Curva_prafab
    objects:
    - {fileID: 140236492184891647}
    - {fileID: 140236491763165841}
    - {fileID: 140236491905467567}
    - {fileID: 140236491516896138}
    - {fileID: 140236491252313040}
--- !u!1 &1633865542006906736
GameObject:
  m_ObjectHideFlags: 0
  m_CorrespondingSourceObject: {fileID: 0}
  m_PrefabInstance: {fileID: 0}
  m_PrefabAsset: {fileID: 0}
  serializedVersion: 6
  m_Component:
  - component: {fileID: 1633865542006906737}
  m_Layer: 0
  m_Name: _SnowBall2
  m_TagString: Untagged
  m_Icon: {fileID: 0}
  m_NavMeshLayer: 0
  m_StaticEditorFlags: 0
  m_IsActive: 1
--- !u!4 &1633865542006906737
Transform:
  m_ObjectHideFlags: 0
  m_CorrespondingSourceObject: {fileID: 0}
  m_PrefabInstance: {fileID: 0}
  m_PrefabAsset: {fileID: 0}
  m_GameObject: {fileID: 1633865542006906736}
  m_LocalRotation: {x: 0, y: 0, z: 0, w: 1}
  m_LocalPosition: {x: 0, y: 0, z: 0}
  m_LocalScale: {x: 1, y: 1, z: 1}
  m_Children:
  - {fileID: 4000899878766605841}
  - {fileID: 3566663693536723069}
  - {fileID: 3566663693242900447}
  - {fileID: 3566663691655508021}
  - {fileID: 3566663692592778772}
  - {fileID: 1372169986255285870}
  - {fileID: 3647880553926991004}
  - {fileID: 4104937088050860899}
  - {fileID: 4091299186496309011}
  - {fileID: 6259801791117470246}
  m_Father: {fileID: 1633865541967363730}
  m_RootOrder: 1
  m_LocalEulerAnglesHint: {x: 0, y: 0, z: 0}
--- !u!1 &1633865542068702806
GameObject:
  m_ObjectHideFlags: 0
  m_CorrespondingSourceObject: {fileID: 0}
  m_PrefabInstance: {fileID: 0}
  m_PrefabAsset: {fileID: 0}
  serializedVersion: 6
  m_Component:
  - component: {fileID: 1633865542068702807}
  m_Layer: 0
  m_Name: _SnowBall1
  m_TagString: Untagged
  m_Icon: {fileID: 0}
  m_NavMeshLayer: 0
  m_StaticEditorFlags: 0
  m_IsActive: 1
--- !u!4 &1633865542068702807
Transform:
  m_ObjectHideFlags: 0
  m_CorrespondingSourceObject: {fileID: 0}
  m_PrefabInstance: {fileID: 0}
  m_PrefabAsset: {fileID: 0}
  m_GameObject: {fileID: 1633865542068702806}
  m_LocalRotation: {x: 0, y: 0, z: 0, w: 1}
  m_LocalPosition: {x: 0, y: 0, z: 0}
  m_LocalScale: {x: 1, y: 1, z: 1}
  m_Children:
  - {fileID: 6532864857660109365}
  - {fileID: 8863581241558817261}
  - {fileID: 8863581243255215855}
  - {fileID: 8863581242617677936}
  - {fileID: 8863581242506975415}
  - {fileID: 5608961930125170470}
  - {fileID: 4378193879899710179}
  - {fileID: 7357055586516539593}
  - {fileID: 4537127443021960321}
  - {fileID: 5075389649274004338}
  m_Father: {fileID: 1633865541967363730}
  m_RootOrder: 0
  m_LocalEulerAnglesHint: {x: 0, y: 0, z: 0}
--- !u!1001 &843562036745776438
PrefabInstance:
  m_ObjectHideFlags: 0
  serializedVersion: 2
  m_Modification:
    m_TransformParent: {fileID: 1633865542068702807}
    m_Modifications:
    - target: {fileID: 969926081819686197, guid: 1b2454c791a0ce446ac8b838e13c8480, type: 3}
      propertyPath: layersForEnemy.m_Bits
      value: 192
      objectReference: {fileID: 0}
    - target: {fileID: 4871707521714267341, guid: 1b2454c791a0ce446ac8b838e13c8480, type: 3}
      propertyPath: m_Name
      value: SnowBall1 (3)
      objectReference: {fileID: 0}
    - target: {fileID: 7903091807429572095, guid: 1b2454c791a0ce446ac8b838e13c8480, type: 3}
      propertyPath: m_RootOrder
      value: 7
      objectReference: {fileID: 0}
    - target: {fileID: 7903091807429572095, guid: 1b2454c791a0ce446ac8b838e13c8480, type: 3}
      propertyPath: m_LocalPosition.x
      value: 0
      objectReference: {fileID: 0}
    - target: {fileID: 7903091807429572095, guid: 1b2454c791a0ce446ac8b838e13c8480, type: 3}
      propertyPath: m_LocalPosition.y
      value: 0
      objectReference: {fileID: 0}
    - target: {fileID: 7903091807429572095, guid: 1b2454c791a0ce446ac8b838e13c8480, type: 3}
      propertyPath: m_LocalPosition.z
      value: 0
      objectReference: {fileID: 0}
    - target: {fileID: 7903091807429572095, guid: 1b2454c791a0ce446ac8b838e13c8480, type: 3}
      propertyPath: m_LocalRotation.w
      value: 1
      objectReference: {fileID: 0}
    - target: {fileID: 7903091807429572095, guid: 1b2454c791a0ce446ac8b838e13c8480, type: 3}
      propertyPath: m_LocalRotation.x
      value: -0
      objectReference: {fileID: 0}
    - target: {fileID: 7903091807429572095, guid: 1b2454c791a0ce446ac8b838e13c8480, type: 3}
      propertyPath: m_LocalRotation.y
      value: -0
      objectReference: {fileID: 0}
    - target: {fileID: 7903091807429572095, guid: 1b2454c791a0ce446ac8b838e13c8480, type: 3}
      propertyPath: m_LocalRotation.z
      value: -0
      objectReference: {fileID: 0}
    - target: {fileID: 7903091807429572095, guid: 1b2454c791a0ce446ac8b838e13c8480, type: 3}
      propertyPath: m_LocalEulerAnglesHint.x
      value: 0
      objectReference: {fileID: 0}
    - target: {fileID: 7903091807429572095, guid: 1b2454c791a0ce446ac8b838e13c8480, type: 3}
      propertyPath: m_LocalEulerAnglesHint.y
      value: 0
      objectReference: {fileID: 0}
    - target: {fileID: 7903091807429572095, guid: 1b2454c791a0ce446ac8b838e13c8480, type: 3}
      propertyPath: m_LocalEulerAnglesHint.z
      value: 0
      objectReference: {fileID: 0}
    m_RemovedComponents: []
  m_SourcePrefab: {fileID: 100100000, guid: 1b2454c791a0ce446ac8b838e13c8480, type: 3}
--- !u!4 &7357055586516539593 stripped
Transform:
  m_CorrespondingSourceObject: {fileID: 7903091807429572095, guid: 1b2454c791a0ce446ac8b838e13c8480, type: 3}
  m_PrefabInstance: {fileID: 843562036745776438}
  m_PrefabAsset: {fileID: 0}
--- !u!1 &5201419104495077883 stripped
GameObject:
  m_CorrespondingSourceObject: {fileID: 4871707521714267341, guid: 1b2454c791a0ce446ac8b838e13c8480, type: 3}
  m_PrefabInstance: {fileID: 843562036745776438}
  m_PrefabAsset: {fileID: 0}
--- !u!1001 &1177111358551947048
PrefabInstance:
  m_ObjectHideFlags: 0
  serializedVersion: 2
  m_Modification:
    m_TransformParent: {fileID: 1633865542006906737}
    m_Modifications:
    - target: {fileID: 713074776441786379, guid: 84debfa8c45d55543bb89e4accbdb0fe, type: 3}
      propertyPath: m_Name
      value: SnowBall2
      objectReference: {fileID: 0}
    - target: {fileID: 2869916348716777785, guid: 84debfa8c45d55543bb89e4accbdb0fe, type: 3}
      propertyPath: m_RootOrder
      value: 0
      objectReference: {fileID: 0}
    - target: {fileID: 2869916348716777785, guid: 84debfa8c45d55543bb89e4accbdb0fe, type: 3}
      propertyPath: m_LocalPosition.x
      value: 0
      objectReference: {fileID: 0}
    - target: {fileID: 2869916348716777785, guid: 84debfa8c45d55543bb89e4accbdb0fe, type: 3}
      propertyPath: m_LocalPosition.y
      value: 0
      objectReference: {fileID: 0}
    - target: {fileID: 2869916348716777785, guid: 84debfa8c45d55543bb89e4accbdb0fe, type: 3}
      propertyPath: m_LocalPosition.z
      value: 0
      objectReference: {fileID: 0}
    - target: {fileID: 2869916348716777785, guid: 84debfa8c45d55543bb89e4accbdb0fe, type: 3}
      propertyPath: m_LocalRotation.w
      value: 1
      objectReference: {fileID: 0}
    - target: {fileID: 2869916348716777785, guid: 84debfa8c45d55543bb89e4accbdb0fe, type: 3}
      propertyPath: m_LocalRotation.x
      value: -0
      objectReference: {fileID: 0}
    - target: {fileID: 2869916348716777785, guid: 84debfa8c45d55543bb89e4accbdb0fe, type: 3}
      propertyPath: m_LocalRotation.y
      value: -0
      objectReference: {fileID: 0}
    - target: {fileID: 2869916348716777785, guid: 84debfa8c45d55543bb89e4accbdb0fe, type: 3}
      propertyPath: m_LocalRotation.z
      value: -0
      objectReference: {fileID: 0}
    - target: {fileID: 2869916348716777785, guid: 84debfa8c45d55543bb89e4accbdb0fe, type: 3}
      propertyPath: m_LocalEulerAnglesHint.x
      value: 0
      objectReference: {fileID: 0}
    - target: {fileID: 2869916348716777785, guid: 84debfa8c45d55543bb89e4accbdb0fe, type: 3}
      propertyPath: m_LocalEulerAnglesHint.y
      value: 0
      objectReference: {fileID: 0}
    - target: {fileID: 2869916348716777785, guid: 84debfa8c45d55543bb89e4accbdb0fe, type: 3}
      propertyPath: m_LocalEulerAnglesHint.z
      value: 0
      objectReference: {fileID: 0}
    m_RemovedComponents: []
  m_SourcePrefab: {fileID: 100100000, guid: 84debfa8c45d55543bb89e4accbdb0fe, type: 3}
--- !u!1 &1851165472344139555 stripped
GameObject:
  m_CorrespondingSourceObject: {fileID: 713074776441786379, guid: 84debfa8c45d55543bb89e4accbdb0fe, type: 3}
  m_PrefabInstance: {fileID: 1177111358551947048}
  m_PrefabAsset: {fileID: 0}
--- !u!4 &4000899878766605841 stripped
Transform:
  m_CorrespondingSourceObject: {fileID: 2869916348716777785, guid: 84debfa8c45d55543bb89e4accbdb0fe, type: 3}
  m_PrefabInstance: {fileID: 1177111358551947048}
  m_PrefabAsset: {fileID: 0}
--- !u!1001 &1534634283019672997
PrefabInstance:
  m_ObjectHideFlags: 0
  serializedVersion: 2
  m_Modification:
    m_TransformParent: {fileID: 1633865542006906737}
    m_Modifications:
    - target: {fileID: 713074776441786379, guid: 84debfa8c45d55543bb89e4accbdb0fe, type: 3}
      propertyPath: m_Name
      value: SnowBall2 (2)
      objectReference: {fileID: 0}
    - target: {fileID: 2869916348716777785, guid: 84debfa8c45d55543bb89e4accbdb0fe, type: 3}
      propertyPath: m_RootOrder
      value: 6
      objectReference: {fileID: 0}
    - target: {fileID: 2869916348716777785, guid: 84debfa8c45d55543bb89e4accbdb0fe, type: 3}
      propertyPath: m_LocalPosition.x
      value: 0
      objectReference: {fileID: 0}
    - target: {fileID: 2869916348716777785, guid: 84debfa8c45d55543bb89e4accbdb0fe, type: 3}
      propertyPath: m_LocalPosition.y
      value: 0
      objectReference: {fileID: 0}
    - target: {fileID: 2869916348716777785, guid: 84debfa8c45d55543bb89e4accbdb0fe, type: 3}
      propertyPath: m_LocalPosition.z
      value: 0
      objectReference: {fileID: 0}
    - target: {fileID: 2869916348716777785, guid: 84debfa8c45d55543bb89e4accbdb0fe, type: 3}
      propertyPath: m_LocalRotation.w
      value: 1
      objectReference: {fileID: 0}
    - target: {fileID: 2869916348716777785, guid: 84debfa8c45d55543bb89e4accbdb0fe, type: 3}
      propertyPath: m_LocalRotation.x
      value: -0
      objectReference: {fileID: 0}
    - target: {fileID: 2869916348716777785, guid: 84debfa8c45d55543bb89e4accbdb0fe, type: 3}
      propertyPath: m_LocalRotation.y
      value: -0
      objectReference: {fileID: 0}
    - target: {fileID: 2869916348716777785, guid: 84debfa8c45d55543bb89e4accbdb0fe, type: 3}
      propertyPath: m_LocalRotation.z
      value: -0
      objectReference: {fileID: 0}
    - target: {fileID: 2869916348716777785, guid: 84debfa8c45d55543bb89e4accbdb0fe, type: 3}
      propertyPath: m_LocalEulerAnglesHint.x
      value: 0
      objectReference: {fileID: 0}
    - target: {fileID: 2869916348716777785, guid: 84debfa8c45d55543bb89e4accbdb0fe, type: 3}
      propertyPath: m_LocalEulerAnglesHint.y
      value: 0
      objectReference: {fileID: 0}
    - target: {fileID: 2869916348716777785, guid: 84debfa8c45d55543bb89e4accbdb0fe, type: 3}
      propertyPath: m_LocalEulerAnglesHint.z
      value: 0
      objectReference: {fileID: 0}
    - target: {fileID: 8158357679656000278, guid: 84debfa8c45d55543bb89e4accbdb0fe, type: 3}
      propertyPath: layersForEnemy.m_Bits
      value: 192
      objectReference: {fileID: 0}
    m_RemovedComponents: []
  m_SourcePrefab: {fileID: 100100000, guid: 84debfa8c45d55543bb89e4accbdb0fe, type: 3}
--- !u!1 &2065256691579784622 stripped
GameObject:
  m_CorrespondingSourceObject: {fileID: 713074776441786379, guid: 84debfa8c45d55543bb89e4accbdb0fe, type: 3}
  m_PrefabInstance: {fileID: 1534634283019672997}
  m_PrefabAsset: {fileID: 0}
--- !u!4 &3647880553926991004 stripped
Transform:
  m_CorrespondingSourceObject: {fileID: 2869916348716777785, guid: 84debfa8c45d55543bb89e4accbdb0fe, type: 3}
  m_PrefabInstance: {fileID: 1534634283019672997}
  m_PrefabAsset: {fileID: 0}
--- !u!1001 &1633865540933979949
PrefabInstance:
  m_ObjectHideFlags: 0
  serializedVersion: 2
  m_Modification:
    m_TransformParent: {fileID: 1633865542006906737}
    m_Modifications:
    - target: {fileID: 713074776441786379, guid: 84debfa8c45d55543bb89e4accbdb0fe, type: 3}
      propertyPath: m_Name
      value: SnowBall2
      objectReference: {fileID: 0}
    - target: {fileID: 2869916348716777785, guid: 84debfa8c45d55543bb89e4accbdb0fe, type: 3}
      propertyPath: m_RootOrder
      value: 4
      objectReference: {fileID: 0}
    - target: {fileID: 2869916348716777785, guid: 84debfa8c45d55543bb89e4accbdb0fe, type: 3}
      propertyPath: m_LocalPosition.x
      value: 0
      objectReference: {fileID: 0}
    - target: {fileID: 2869916348716777785, guid: 84debfa8c45d55543bb89e4accbdb0fe, type: 3}
      propertyPath: m_LocalPosition.y
      value: 0
      objectReference: {fileID: 0}
    - target: {fileID: 2869916348716777785, guid: 84debfa8c45d55543bb89e4accbdb0fe, type: 3}
      propertyPath: m_LocalPosition.z
      value: 0
      objectReference: {fileID: 0}
    - target: {fileID: 2869916348716777785, guid: 84debfa8c45d55543bb89e4accbdb0fe, type: 3}
      propertyPath: m_LocalRotation.w
      value: 1
      objectReference: {fileID: 0}
    - target: {fileID: 2869916348716777785, guid: 84debfa8c45d55543bb89e4accbdb0fe, type: 3}
      propertyPath: m_LocalRotation.x
      value: -0
      objectReference: {fileID: 0}
    - target: {fileID: 2869916348716777785, guid: 84debfa8c45d55543bb89e4accbdb0fe, type: 3}
      propertyPath: m_LocalRotation.y
      value: -0
      objectReference: {fileID: 0}
    - target: {fileID: 2869916348716777785, guid: 84debfa8c45d55543bb89e4accbdb0fe, type: 3}
      propertyPath: m_LocalRotation.z
      value: -0
      objectReference: {fileID: 0}
    - target: {fileID: 2869916348716777785, guid: 84debfa8c45d55543bb89e4accbdb0fe, type: 3}
      propertyPath: m_LocalEulerAnglesHint.x
      value: 0
      objectReference: {fileID: 0}
    - target: {fileID: 2869916348716777785, guid: 84debfa8c45d55543bb89e4accbdb0fe, type: 3}
      propertyPath: m_LocalEulerAnglesHint.y
      value: 0
      objectReference: {fileID: 0}
    - target: {fileID: 2869916348716777785, guid: 84debfa8c45d55543bb89e4accbdb0fe, type: 3}
      propertyPath: m_LocalEulerAnglesHint.z
      value: 0
      objectReference: {fileID: 0}
    - target: {fileID: 8158357679656000278, guid: 84debfa8c45d55543bb89e4accbdb0fe, type: 3}
      propertyPath: layersForEnemy.m_Bits
      value: 192
      objectReference: {fileID: 0}
    m_RemovedComponents: []
  m_SourcePrefab: {fileID: 100100000, guid: 84debfa8c45d55543bb89e4accbdb0fe, type: 3}
--- !u!1 &2254598855247372070 stripped
GameObject:
  m_CorrespondingSourceObject: {fileID: 713074776441786379, guid: 84debfa8c45d55543bb89e4accbdb0fe, type: 3}
  m_PrefabInstance: {fileID: 1633865540933979949}
  m_PrefabAsset: {fileID: 0}
--- !u!4 &3566663692592778772 stripped
Transform:
  m_CorrespondingSourceObject: {fileID: 2869916348716777785, guid: 84debfa8c45d55543bb89e4accbdb0fe, type: 3}
  m_PrefabInstance: {fileID: 1633865540933979949}
  m_PrefabAsset: {fileID: 0}
--- !u!1001 &1633865541085651728
PrefabInstance:
  m_ObjectHideFlags: 0
  serializedVersion: 2
  m_Modification:
    m_TransformParent: {fileID: 1633865542068702807}
    m_Modifications:
    - target: {fileID: 969926081819686197, guid: 1b2454c791a0ce446ac8b838e13c8480, type: 3}
      propertyPath: layersForEnemy.m_Bits
      value: 192
      objectReference: {fileID: 0}
    - target: {fileID: 4871707521714267341, guid: 1b2454c791a0ce446ac8b838e13c8480, type: 3}
      propertyPath: m_Name
      value: SnowBall1
      objectReference: {fileID: 0}
    - target: {fileID: 7903091807429572095, guid: 1b2454c791a0ce446ac8b838e13c8480, type: 3}
      propertyPath: m_RootOrder
      value: 2
      objectReference: {fileID: 0}
    - target: {fileID: 7903091807429572095, guid: 1b2454c791a0ce446ac8b838e13c8480, type: 3}
      propertyPath: m_LocalPosition.x
      value: 0
      objectReference: {fileID: 0}
    - target: {fileID: 7903091807429572095, guid: 1b2454c791a0ce446ac8b838e13c8480, type: 3}
      propertyPath: m_LocalPosition.y
      value: 0
      objectReference: {fileID: 0}
    - target: {fileID: 7903091807429572095, guid: 1b2454c791a0ce446ac8b838e13c8480, type: 3}
      propertyPath: m_LocalPosition.z
      value: 0
      objectReference: {fileID: 0}
    - target: {fileID: 7903091807429572095, guid: 1b2454c791a0ce446ac8b838e13c8480, type: 3}
      propertyPath: m_LocalRotation.w
      value: 1
      objectReference: {fileID: 0}
    - target: {fileID: 7903091807429572095, guid: 1b2454c791a0ce446ac8b838e13c8480, type: 3}
      propertyPath: m_LocalRotation.x
      value: -0
      objectReference: {fileID: 0}
    - target: {fileID: 7903091807429572095, guid: 1b2454c791a0ce446ac8b838e13c8480, type: 3}
      propertyPath: m_LocalRotation.y
      value: -0
      objectReference: {fileID: 0}
    - target: {fileID: 7903091807429572095, guid: 1b2454c791a0ce446ac8b838e13c8480, type: 3}
      propertyPath: m_LocalRotation.z
      value: -0
      objectReference: {fileID: 0}
    - target: {fileID: 7903091807429572095, guid: 1b2454c791a0ce446ac8b838e13c8480, type: 3}
      propertyPath: m_LocalEulerAnglesHint.x
      value: 0
      objectReference: {fileID: 0}
    - target: {fileID: 7903091807429572095, guid: 1b2454c791a0ce446ac8b838e13c8480, type: 3}
      propertyPath: m_LocalEulerAnglesHint.y
      value: 0
      objectReference: {fileID: 0}
    - target: {fileID: 7903091807429572095, guid: 1b2454c791a0ce446ac8b838e13c8480, type: 3}
      propertyPath: m_LocalEulerAnglesHint.z
      value: 0
      objectReference: {fileID: 0}
    m_RemovedComponents: []
  m_SourcePrefab: {fileID: 100100000, guid: 1b2454c791a0ce446ac8b838e13c8480, type: 3}
--- !u!1 &6140482309281400797 stripped
GameObject:
  m_CorrespondingSourceObject: {fileID: 4871707521714267341, guid: 1b2454c791a0ce446ac8b838e13c8480, type: 3}
  m_PrefabInstance: {fileID: 1633865541085651728}
  m_PrefabAsset: {fileID: 0}
--- !u!4 &8863581243255215855 stripped
Transform:
  m_CorrespondingSourceObject: {fileID: 7903091807429572095, guid: 1b2454c791a0ce446ac8b838e13c8480, type: 3}
  m_PrefabInstance: {fileID: 1633865541085651728}
  m_PrefabAsset: {fileID: 0}
--- !u!1001 &1633865541373537608
PrefabInstance:
  m_ObjectHideFlags: 0
  serializedVersion: 2
  m_Modification:
    m_TransformParent: {fileID: 1633865542068702807}
    m_Modifications:
    - target: {fileID: 969926081819686197, guid: 1b2454c791a0ce446ac8b838e13c8480, type: 3}
      propertyPath: layersForEnemy.m_Bits
      value: 192
      objectReference: {fileID: 0}
    - target: {fileID: 4871707521714267341, guid: 1b2454c791a0ce446ac8b838e13c8480, type: 3}
      propertyPath: m_Name
      value: SnowBall1
      objectReference: {fileID: 0}
    - target: {fileID: 7903091807429572095, guid: 1b2454c791a0ce446ac8b838e13c8480, type: 3}
      propertyPath: m_RootOrder
      value: 4
      objectReference: {fileID: 0}
    - target: {fileID: 7903091807429572095, guid: 1b2454c791a0ce446ac8b838e13c8480, type: 3}
      propertyPath: m_LocalPosition.x
      value: 0
      objectReference: {fileID: 0}
    - target: {fileID: 7903091807429572095, guid: 1b2454c791a0ce446ac8b838e13c8480, type: 3}
      propertyPath: m_LocalPosition.y
      value: 0
      objectReference: {fileID: 0}
    - target: {fileID: 7903091807429572095, guid: 1b2454c791a0ce446ac8b838e13c8480, type: 3}
      propertyPath: m_LocalPosition.z
      value: 0
      objectReference: {fileID: 0}
    - target: {fileID: 7903091807429572095, guid: 1b2454c791a0ce446ac8b838e13c8480, type: 3}
      propertyPath: m_LocalRotation.w
      value: 1
      objectReference: {fileID: 0}
    - target: {fileID: 7903091807429572095, guid: 1b2454c791a0ce446ac8b838e13c8480, type: 3}
      propertyPath: m_LocalRotation.x
      value: -0
      objectReference: {fileID: 0}
    - target: {fileID: 7903091807429572095, guid: 1b2454c791a0ce446ac8b838e13c8480, type: 3}
      propertyPath: m_LocalRotation.y
      value: -0
      objectReference: {fileID: 0}
    - target: {fileID: 7903091807429572095, guid: 1b2454c791a0ce446ac8b838e13c8480, type: 3}
      propertyPath: m_LocalRotation.z
      value: -0
      objectReference: {fileID: 0}
    - target: {fileID: 7903091807429572095, guid: 1b2454c791a0ce446ac8b838e13c8480, type: 3}
      propertyPath: m_LocalEulerAnglesHint.x
      value: 0
      objectReference: {fileID: 0}
    - target: {fileID: 7903091807429572095, guid: 1b2454c791a0ce446ac8b838e13c8480, type: 3}
      propertyPath: m_LocalEulerAnglesHint.y
      value: 0
      objectReference: {fileID: 0}
    - target: {fileID: 7903091807429572095, guid: 1b2454c791a0ce446ac8b838e13c8480, type: 3}
      propertyPath: m_LocalEulerAnglesHint.z
      value: 0
      objectReference: {fileID: 0}
    m_RemovedComponents: []
  m_SourcePrefab: {fileID: 100100000, guid: 1b2454c791a0ce446ac8b838e13c8480, type: 3}
--- !u!4 &8863581242506975415 stripped
Transform:
  m_CorrespondingSourceObject: {fileID: 7903091807429572095, guid: 1b2454c791a0ce446ac8b838e13c8480, type: 3}
  m_PrefabInstance: {fileID: 1633865541373537608}
  m_PrefabAsset: {fileID: 0}
--- !u!1 &6140482309061773701 stripped
GameObject:
  m_CorrespondingSourceObject: {fileID: 4871707521714267341, guid: 1b2454c791a0ce446ac8b838e13c8480, type: 3}
  m_PrefabInstance: {fileID: 1633865541373537608}
  m_PrefabAsset: {fileID: 0}
--- !u!1001 &1633865541521866127
PrefabInstance:
  m_ObjectHideFlags: 0
  serializedVersion: 2
  m_Modification:
    m_TransformParent: {fileID: 1633865542068702807}
    m_Modifications:
    - target: {fileID: 4871707521714267341, guid: 1b2454c791a0ce446ac8b838e13c8480, type: 3}
      propertyPath: m_Name
      value: SnowBall1
      objectReference: {fileID: 0}
    - target: {fileID: 7903091807429572095, guid: 1b2454c791a0ce446ac8b838e13c8480, type: 3}
      propertyPath: m_RootOrder
      value: 3
      objectReference: {fileID: 0}
    - target: {fileID: 7903091807429572095, guid: 1b2454c791a0ce446ac8b838e13c8480, type: 3}
      propertyPath: m_LocalPosition.x
      value: 0
      objectReference: {fileID: 0}
    - target: {fileID: 7903091807429572095, guid: 1b2454c791a0ce446ac8b838e13c8480, type: 3}
      propertyPath: m_LocalPosition.y
      value: 0
      objectReference: {fileID: 0}
    - target: {fileID: 7903091807429572095, guid: 1b2454c791a0ce446ac8b838e13c8480, type: 3}
      propertyPath: m_LocalPosition.z
      value: 0
      objectReference: {fileID: 0}
    - target: {fileID: 7903091807429572095, guid: 1b2454c791a0ce446ac8b838e13c8480, type: 3}
      propertyPath: m_LocalRotation.w
      value: 1
      objectReference: {fileID: 0}
    - target: {fileID: 7903091807429572095, guid: 1b2454c791a0ce446ac8b838e13c8480, type: 3}
      propertyPath: m_LocalRotation.x
      value: -0
      objectReference: {fileID: 0}
    - target: {fileID: 7903091807429572095, guid: 1b2454c791a0ce446ac8b838e13c8480, type: 3}
      propertyPath: m_LocalRotation.y
      value: -0
      objectReference: {fileID: 0}
    - target: {fileID: 7903091807429572095, guid: 1b2454c791a0ce446ac8b838e13c8480, type: 3}
      propertyPath: m_LocalRotation.z
      value: -0
      objectReference: {fileID: 0}
    - target: {fileID: 7903091807429572095, guid: 1b2454c791a0ce446ac8b838e13c8480, type: 3}
      propertyPath: m_LocalEulerAnglesHint.x
      value: 0
      objectReference: {fileID: 0}
    - target: {fileID: 7903091807429572095, guid: 1b2454c791a0ce446ac8b838e13c8480, type: 3}
      propertyPath: m_LocalEulerAnglesHint.y
      value: 0
      objectReference: {fileID: 0}
    - target: {fileID: 7903091807429572095, guid: 1b2454c791a0ce446ac8b838e13c8480, type: 3}
      propertyPath: m_LocalEulerAnglesHint.z
      value: 0
      objectReference: {fileID: 0}
    m_RemovedComponents: []
  m_SourcePrefab: {fileID: 100100000, guid: 1b2454c791a0ce446ac8b838e13c8480, type: 3}
--- !u!1 &6140482308912306498 stripped
GameObject:
  m_CorrespondingSourceObject: {fileID: 4871707521714267341, guid: 1b2454c791a0ce446ac8b838e13c8480, type: 3}
  m_PrefabInstance: {fileID: 1633865541521866127}
  m_PrefabAsset: {fileID: 0}
--- !u!4 &8863581242617677936 stripped
Transform:
  m_CorrespondingSourceObject: {fileID: 7903091807429572095, guid: 1b2454c791a0ce446ac8b838e13c8480, type: 3}
  m_PrefabInstance: {fileID: 1633865541521866127}
  m_PrefabAsset: {fileID: 0}
--- !u!1001 &1633865541606273292
PrefabInstance:
  m_ObjectHideFlags: 0
  serializedVersion: 2
  m_Modification:
    m_TransformParent: {fileID: 1633865542006906737}
    m_Modifications:
    - target: {fileID: 713074776441786379, guid: 84debfa8c45d55543bb89e4accbdb0fe, type: 3}
      propertyPath: m_Name
      value: SnowBall2
      objectReference: {fileID: 0}
    - target: {fileID: 2869916348716777785, guid: 84debfa8c45d55543bb89e4accbdb0fe, type: 3}
      propertyPath: m_RootOrder
      value: 3
      objectReference: {fileID: 0}
    - target: {fileID: 2869916348716777785, guid: 84debfa8c45d55543bb89e4accbdb0fe, type: 3}
      propertyPath: m_LocalPosition.x
      value: 0
      objectReference: {fileID: 0}
    - target: {fileID: 2869916348716777785, guid: 84debfa8c45d55543bb89e4accbdb0fe, type: 3}
      propertyPath: m_LocalPosition.y
      value: 0
      objectReference: {fileID: 0}
    - target: {fileID: 2869916348716777785, guid: 84debfa8c45d55543bb89e4accbdb0fe, type: 3}
      propertyPath: m_LocalPosition.z
      value: 0
      objectReference: {fileID: 0}
    - target: {fileID: 2869916348716777785, guid: 84debfa8c45d55543bb89e4accbdb0fe, type: 3}
      propertyPath: m_LocalRotation.w
      value: 1
      objectReference: {fileID: 0}
    - target: {fileID: 2869916348716777785, guid: 84debfa8c45d55543bb89e4accbdb0fe, type: 3}
      propertyPath: m_LocalRotation.x
      value: -0
      objectReference: {fileID: 0}
    - target: {fileID: 2869916348716777785, guid: 84debfa8c45d55543bb89e4accbdb0fe, type: 3}
      propertyPath: m_LocalRotation.y
      value: -0
      objectReference: {fileID: 0}
    - target: {fileID: 2869916348716777785, guid: 84debfa8c45d55543bb89e4accbdb0fe, type: 3}
      propertyPath: m_LocalRotation.z
      value: -0
      objectReference: {fileID: 0}
    - target: {fileID: 2869916348716777785, guid: 84debfa8c45d55543bb89e4accbdb0fe, type: 3}
      propertyPath: m_LocalEulerAnglesHint.x
      value: 0
      objectReference: {fileID: 0}
    - target: {fileID: 2869916348716777785, guid: 84debfa8c45d55543bb89e4accbdb0fe, type: 3}
      propertyPath: m_LocalEulerAnglesHint.y
      value: 0
      objectReference: {fileID: 0}
    - target: {fileID: 2869916348716777785, guid: 84debfa8c45d55543bb89e4accbdb0fe, type: 3}
      propertyPath: m_LocalEulerAnglesHint.z
      value: 0
      objectReference: {fileID: 0}
    - target: {fileID: 8158357679656000278, guid: 84debfa8c45d55543bb89e4accbdb0fe, type: 3}
      propertyPath: layersForEnemy.m_Bits
      value: 192
      objectReference: {fileID: 0}
    m_RemovedComponents: []
  m_SourcePrefab: {fileID: 100100000, guid: 84debfa8c45d55543bb89e4accbdb0fe, type: 3}
--- !u!1 &2254598855115661575 stripped
GameObject:
  m_CorrespondingSourceObject: {fileID: 713074776441786379, guid: 84debfa8c45d55543bb89e4accbdb0fe, type: 3}
  m_PrefabInstance: {fileID: 1633865541606273292}
  m_PrefabAsset: {fileID: 0}
--- !u!4 &3566663691655508021 stripped
Transform:
  m_CorrespondingSourceObject: {fileID: 2869916348716777785, guid: 84debfa8c45d55543bb89e4accbdb0fe, type: 3}
  m_PrefabInstance: {fileID: 1633865541606273292}
  m_PrefabAsset: {fileID: 0}
--- !u!1001 &1633865541885329732
PrefabInstance:
  m_ObjectHideFlags: 0
  serializedVersion: 2
  m_Modification:
    m_TransformParent: {fileID: 1633865542006906737}
    m_Modifications:
    - target: {fileID: 713074776441786379, guid: 84debfa8c45d55543bb89e4accbdb0fe, type: 3}
      propertyPath: m_Name
      value: SnowBall2
      objectReference: {fileID: 0}
    - target: {fileID: 2869916348716777785, guid: 84debfa8c45d55543bb89e4accbdb0fe, type: 3}
      propertyPath: m_RootOrder
      value: 1
      objectReference: {fileID: 0}
    - target: {fileID: 2869916348716777785, guid: 84debfa8c45d55543bb89e4accbdb0fe, type: 3}
      propertyPath: m_LocalPosition.x
      value: 0
      objectReference: {fileID: 0}
    - target: {fileID: 2869916348716777785, guid: 84debfa8c45d55543bb89e4accbdb0fe, type: 3}
      propertyPath: m_LocalPosition.y
      value: 0
      objectReference: {fileID: 0}
    - target: {fileID: 2869916348716777785, guid: 84debfa8c45d55543bb89e4accbdb0fe, type: 3}
      propertyPath: m_LocalPosition.z
      value: 0
      objectReference: {fileID: 0}
    - target: {fileID: 2869916348716777785, guid: 84debfa8c45d55543bb89e4accbdb0fe, type: 3}
      propertyPath: m_LocalRotation.w
      value: 1
      objectReference: {fileID: 0}
    - target: {fileID: 2869916348716777785, guid: 84debfa8c45d55543bb89e4accbdb0fe, type: 3}
      propertyPath: m_LocalRotation.x
      value: -0
      objectReference: {fileID: 0}
    - target: {fileID: 2869916348716777785, guid: 84debfa8c45d55543bb89e4accbdb0fe, type: 3}
      propertyPath: m_LocalRotation.y
      value: -0
      objectReference: {fileID: 0}
    - target: {fileID: 2869916348716777785, guid: 84debfa8c45d55543bb89e4accbdb0fe, type: 3}
      propertyPath: m_LocalRotation.z
      value: -0
      objectReference: {fileID: 0}
    - target: {fileID: 2869916348716777785, guid: 84debfa8c45d55543bb89e4accbdb0fe, type: 3}
      propertyPath: m_LocalEulerAnglesHint.x
      value: 0
      objectReference: {fileID: 0}
    - target: {fileID: 2869916348716777785, guid: 84debfa8c45d55543bb89e4accbdb0fe, type: 3}
      propertyPath: m_LocalEulerAnglesHint.y
      value: 0
      objectReference: {fileID: 0}
    - target: {fileID: 2869916348716777785, guid: 84debfa8c45d55543bb89e4accbdb0fe, type: 3}
      propertyPath: m_LocalEulerAnglesHint.z
      value: 0
      objectReference: {fileID: 0}
    - target: {fileID: 8158357679656000278, guid: 84debfa8c45d55543bb89e4accbdb0fe, type: 3}
      propertyPath: layersForEnemy.m_Bits
      value: 192
      objectReference: {fileID: 0}
    m_RemovedComponents: []
  m_SourcePrefab: {fileID: 100100000, guid: 84debfa8c45d55543bb89e4accbdb0fe, type: 3}
--- !u!4 &3566663693536723069 stripped
Transform:
  m_CorrespondingSourceObject: {fileID: 2869916348716777785, guid: 84debfa8c45d55543bb89e4accbdb0fe, type: 3}
  m_PrefabInstance: {fileID: 1633865541885329732}
  m_PrefabAsset: {fileID: 0}
--- !u!1 &2254598856468140367 stripped
GameObject:
  m_CorrespondingSourceObject: {fileID: 713074776441786379, guid: 84debfa8c45d55543bb89e4accbdb0fe, type: 3}
  m_PrefabInstance: {fileID: 1633865541885329732}
  m_PrefabAsset: {fileID: 0}
--- !u!1001 &1633865541888473243
PrefabInstance:
  m_ObjectHideFlags: 0
  serializedVersion: 2
  m_Modification:
    m_TransformParent: {fileID: 1633865541529781057}
    m_Modifications:
    - target: {fileID: 112686964835632903, guid: 3e82f83bf299a1f47b3f4a9ee4227728, type: 3}
      propertyPath: m_RootOrder
      value: 2
      objectReference: {fileID: 0}
    - target: {fileID: 112686964835632903, guid: 3e82f83bf299a1f47b3f4a9ee4227728, type: 3}
      propertyPath: m_LocalPosition.x
      value: 0
      objectReference: {fileID: 0}
    - target: {fileID: 112686964835632903, guid: 3e82f83bf299a1f47b3f4a9ee4227728, type: 3}
      propertyPath: m_LocalPosition.y
      value: 0
      objectReference: {fileID: 0}
    - target: {fileID: 112686964835632903, guid: 3e82f83bf299a1f47b3f4a9ee4227728, type: 3}
      propertyPath: m_LocalPosition.z
      value: 0
      objectReference: {fileID: 0}
    - target: {fileID: 112686964835632903, guid: 3e82f83bf299a1f47b3f4a9ee4227728, type: 3}
      propertyPath: m_LocalRotation.w
      value: 1
      objectReference: {fileID: 0}
    - target: {fileID: 112686964835632903, guid: 3e82f83bf299a1f47b3f4a9ee4227728, type: 3}
      propertyPath: m_LocalRotation.x
      value: -0
      objectReference: {fileID: 0}
    - target: {fileID: 112686964835632903, guid: 3e82f83bf299a1f47b3f4a9ee4227728, type: 3}
      propertyPath: m_LocalRotation.y
      value: -0
      objectReference: {fileID: 0}
    - target: {fileID: 112686964835632903, guid: 3e82f83bf299a1f47b3f4a9ee4227728, type: 3}
      propertyPath: m_LocalRotation.z
      value: -0
      objectReference: {fileID: 0}
    - target: {fileID: 112686964835632903, guid: 3e82f83bf299a1f47b3f4a9ee4227728, type: 3}
      propertyPath: m_LocalEulerAnglesHint.x
      value: 0
      objectReference: {fileID: 0}
    - target: {fileID: 112686964835632903, guid: 3e82f83bf299a1f47b3f4a9ee4227728, type: 3}
      propertyPath: m_LocalEulerAnglesHint.y
      value: 0
      objectReference: {fileID: 0}
    - target: {fileID: 112686964835632903, guid: 3e82f83bf299a1f47b3f4a9ee4227728, type: 3}
      propertyPath: m_LocalEulerAnglesHint.z
      value: 0
      objectReference: {fileID: 0}
    - target: {fileID: 1683942006879558417, guid: 3e82f83bf299a1f47b3f4a9ee4227728, type: 3}
      propertyPath: m_Name
      value: Curva_prafab
      objectReference: {fileID: 0}
    m_RemovedComponents: []
  m_SourcePrefab: {fileID: 100100000, guid: 3e82f83bf299a1f47b3f4a9ee4227728, type: 3}
--- !u!4 &1674477316171579292 stripped
Transform:
  m_CorrespondingSourceObject: {fileID: 112686964835632903, guid: 3e82f83bf299a1f47b3f4a9ee4227728, type: 3}
  m_PrefabInstance: {fileID: 1633865541888473243}
  m_PrefabAsset: {fileID: 0}
--- !u!1 &140236491516896138 stripped
GameObject:
  m_CorrespondingSourceObject: {fileID: 1683942006879558417, guid: 3e82f83bf299a1f47b3f4a9ee4227728, type: 3}
  m_PrefabInstance: {fileID: 1633865541888473243}
  m_PrefabAsset: {fileID: 0}
--- !u!1001 &1633865542129360614
PrefabInstance:
  m_ObjectHideFlags: 0
  serializedVersion: 2
  m_Modification:
    m_TransformParent: {fileID: 1633865542006906737}
    m_Modifications:
    - target: {fileID: 713074776441786379, guid: 84debfa8c45d55543bb89e4accbdb0fe, type: 3}
      propertyPath: m_Name
      value: SnowBall2
      objectReference: {fileID: 0}
    - target: {fileID: 2869916348716777785, guid: 84debfa8c45d55543bb89e4accbdb0fe, type: 3}
      propertyPath: m_RootOrder
      value: 2
      objectReference: {fileID: 0}
    - target: {fileID: 2869916348716777785, guid: 84debfa8c45d55543bb89e4accbdb0fe, type: 3}
      propertyPath: m_LocalPosition.x
      value: 0
      objectReference: {fileID: 0}
    - target: {fileID: 2869916348716777785, guid: 84debfa8c45d55543bb89e4accbdb0fe, type: 3}
      propertyPath: m_LocalPosition.y
      value: 0
      objectReference: {fileID: 0}
    - target: {fileID: 2869916348716777785, guid: 84debfa8c45d55543bb89e4accbdb0fe, type: 3}
      propertyPath: m_LocalPosition.z
      value: 0
      objectReference: {fileID: 0}
    - target: {fileID: 2869916348716777785, guid: 84debfa8c45d55543bb89e4accbdb0fe, type: 3}
      propertyPath: m_LocalRotation.w
      value: 1
      objectReference: {fileID: 0}
    - target: {fileID: 2869916348716777785, guid: 84debfa8c45d55543bb89e4accbdb0fe, type: 3}
      propertyPath: m_LocalRotation.x
      value: -0
      objectReference: {fileID: 0}
    - target: {fileID: 2869916348716777785, guid: 84debfa8c45d55543bb89e4accbdb0fe, type: 3}
      propertyPath: m_LocalRotation.y
      value: -0
      objectReference: {fileID: 0}
    - target: {fileID: 2869916348716777785, guid: 84debfa8c45d55543bb89e4accbdb0fe, type: 3}
      propertyPath: m_LocalRotation.z
      value: -0
      objectReference: {fileID: 0}
    - target: {fileID: 2869916348716777785, guid: 84debfa8c45d55543bb89e4accbdb0fe, type: 3}
      propertyPath: m_LocalEulerAnglesHint.x
      value: 0
      objectReference: {fileID: 0}
    - target: {fileID: 2869916348716777785, guid: 84debfa8c45d55543bb89e4accbdb0fe, type: 3}
      propertyPath: m_LocalEulerAnglesHint.y
      value: 0
      objectReference: {fileID: 0}
    - target: {fileID: 2869916348716777785, guid: 84debfa8c45d55543bb89e4accbdb0fe, type: 3}
      propertyPath: m_LocalEulerAnglesHint.z
      value: 0
      objectReference: {fileID: 0}
    - target: {fileID: 8158357679656000278, guid: 84debfa8c45d55543bb89e4accbdb0fe, type: 3}
      propertyPath: layersForEnemy.m_Bits
      value: 192
      objectReference: {fileID: 0}
    m_RemovedComponents: []
  m_SourcePrefab: {fileID: 100100000, guid: 84debfa8c45d55543bb89e4accbdb0fe, type: 3}
--- !u!4 &3566663693242900447 stripped
Transform:
  m_CorrespondingSourceObject: {fileID: 2869916348716777785, guid: 84debfa8c45d55543bb89e4accbdb0fe, type: 3}
  m_PrefabInstance: {fileID: 1633865542129360614}
  m_PrefabAsset: {fileID: 0}
--- !u!1 &2254598856711180013 stripped
GameObject:
  m_CorrespondingSourceObject: {fileID: 713074776441786379, guid: 84debfa8c45d55543bb89e4accbdb0fe, type: 3}
  m_PrefabInstance: {fileID: 1633865542129360614}
  m_PrefabAsset: {fileID: 0}
--- !u!1001 &1633865542170194113
PrefabInstance:
  m_ObjectHideFlags: 0
  serializedVersion: 2
  m_Modification:
    m_TransformParent: {fileID: 1633865541529781057}
    m_Modifications:
    - target: {fileID: 112686964835632903, guid: 3e82f83bf299a1f47b3f4a9ee4227728, type: 3}
      propertyPath: m_RootOrder
      value: 3
      objectReference: {fileID: 0}
    - target: {fileID: 112686964835632903, guid: 3e82f83bf299a1f47b3f4a9ee4227728, type: 3}
      propertyPath: m_LocalPosition.x
      value: 0
      objectReference: {fileID: 0}
    - target: {fileID: 112686964835632903, guid: 3e82f83bf299a1f47b3f4a9ee4227728, type: 3}
      propertyPath: m_LocalPosition.y
      value: 0
      objectReference: {fileID: 0}
    - target: {fileID: 112686964835632903, guid: 3e82f83bf299a1f47b3f4a9ee4227728, type: 3}
      propertyPath: m_LocalPosition.z
      value: 0
      objectReference: {fileID: 0}
    - target: {fileID: 112686964835632903, guid: 3e82f83bf299a1f47b3f4a9ee4227728, type: 3}
      propertyPath: m_LocalRotation.w
      value: 1
      objectReference: {fileID: 0}
    - target: {fileID: 112686964835632903, guid: 3e82f83bf299a1f47b3f4a9ee4227728, type: 3}
      propertyPath: m_LocalRotation.x
      value: -0
      objectReference: {fileID: 0}
    - target: {fileID: 112686964835632903, guid: 3e82f83bf299a1f47b3f4a9ee4227728, type: 3}
      propertyPath: m_LocalRotation.y
      value: -0
      objectReference: {fileID: 0}
    - target: {fileID: 112686964835632903, guid: 3e82f83bf299a1f47b3f4a9ee4227728, type: 3}
      propertyPath: m_LocalRotation.z
      value: -0
      objectReference: {fileID: 0}
    - target: {fileID: 112686964835632903, guid: 3e82f83bf299a1f47b3f4a9ee4227728, type: 3}
      propertyPath: m_LocalEulerAnglesHint.x
      value: 0
      objectReference: {fileID: 0}
    - target: {fileID: 112686964835632903, guid: 3e82f83bf299a1f47b3f4a9ee4227728, type: 3}
      propertyPath: m_LocalEulerAnglesHint.y
      value: 0
      objectReference: {fileID: 0}
    - target: {fileID: 112686964835632903, guid: 3e82f83bf299a1f47b3f4a9ee4227728, type: 3}
      propertyPath: m_LocalEulerAnglesHint.z
      value: 0
      objectReference: {fileID: 0}
    - target: {fileID: 1683942006879558417, guid: 3e82f83bf299a1f47b3f4a9ee4227728, type: 3}
      propertyPath: m_Name
      value: Curva_prafab
      objectReference: {fileID: 0}
    m_RemovedComponents: []
  m_SourcePrefab: {fileID: 100100000, guid: 3e82f83bf299a1f47b3f4a9ee4227728, type: 3}
--- !u!4 &1674477316427118534 stripped
Transform:
  m_CorrespondingSourceObject: {fileID: 112686964835632903, guid: 3e82f83bf299a1f47b3f4a9ee4227728, type: 3}
  m_PrefabInstance: {fileID: 1633865542170194113}
  m_PrefabAsset: {fileID: 0}
--- !u!1 &140236491252313040 stripped
GameObject:
  m_CorrespondingSourceObject: {fileID: 1683942006879558417, guid: 3e82f83bf299a1f47b3f4a9ee4227728, type: 3}
  m_PrefabInstance: {fileID: 1633865542170194113}
  m_PrefabAsset: {fileID: 0}
--- !u!1001 &1633865542564588526
PrefabInstance:
  m_ObjectHideFlags: 0
  serializedVersion: 2
  m_Modification:
    m_TransformParent: {fileID: 1633865541529781057}
    m_Modifications:
    - target: {fileID: 112686964835632903, guid: 3e82f83bf299a1f47b3f4a9ee4227728, type: 3}
      propertyPath: m_RootOrder
      value: 4
      objectReference: {fileID: 0}
    - target: {fileID: 112686964835632903, guid: 3e82f83bf299a1f47b3f4a9ee4227728, type: 3}
      propertyPath: m_LocalPosition.x
      value: 0
      objectReference: {fileID: 0}
    - target: {fileID: 112686964835632903, guid: 3e82f83bf299a1f47b3f4a9ee4227728, type: 3}
      propertyPath: m_LocalPosition.y
      value: 0
      objectReference: {fileID: 0}
    - target: {fileID: 112686964835632903, guid: 3e82f83bf299a1f47b3f4a9ee4227728, type: 3}
      propertyPath: m_LocalPosition.z
      value: 0
      objectReference: {fileID: 0}
    - target: {fileID: 112686964835632903, guid: 3e82f83bf299a1f47b3f4a9ee4227728, type: 3}
      propertyPath: m_LocalRotation.w
      value: 1
      objectReference: {fileID: 0}
    - target: {fileID: 112686964835632903, guid: 3e82f83bf299a1f47b3f4a9ee4227728, type: 3}
      propertyPath: m_LocalRotation.x
      value: -0
      objectReference: {fileID: 0}
    - target: {fileID: 112686964835632903, guid: 3e82f83bf299a1f47b3f4a9ee4227728, type: 3}
      propertyPath: m_LocalRotation.y
      value: -0
      objectReference: {fileID: 0}
    - target: {fileID: 112686964835632903, guid: 3e82f83bf299a1f47b3f4a9ee4227728, type: 3}
      propertyPath: m_LocalRotation.z
      value: -0
      objectReference: {fileID: 0}
    - target: {fileID: 112686964835632903, guid: 3e82f83bf299a1f47b3f4a9ee4227728, type: 3}
      propertyPath: m_LocalEulerAnglesHint.x
      value: 0
      objectReference: {fileID: 0}
    - target: {fileID: 112686964835632903, guid: 3e82f83bf299a1f47b3f4a9ee4227728, type: 3}
      propertyPath: m_LocalEulerAnglesHint.y
      value: 0
      objectReference: {fileID: 0}
    - target: {fileID: 112686964835632903, guid: 3e82f83bf299a1f47b3f4a9ee4227728, type: 3}
      propertyPath: m_LocalEulerAnglesHint.z
      value: 0
      objectReference: {fileID: 0}
    - target: {fileID: 1683942006879558417, guid: 3e82f83bf299a1f47b3f4a9ee4227728, type: 3}
      propertyPath: m_Name
      value: Curva_prafab
      objectReference: {fileID: 0}
    m_RemovedComponents: []
  m_SourcePrefab: {fileID: 100100000, guid: 3e82f83bf299a1f47b3f4a9ee4227728, type: 3}
--- !u!4 &1674477316568804585 stripped
Transform:
  m_CorrespondingSourceObject: {fileID: 112686964835632903, guid: 3e82f83bf299a1f47b3f4a9ee4227728, type: 3}
  m_PrefabInstance: {fileID: 1633865542564588526}
  m_PrefabAsset: {fileID: 0}
--- !u!1 &140236492184891647 stripped
GameObject:
  m_CorrespondingSourceObject: {fileID: 1683942006879558417, guid: 3e82f83bf299a1f47b3f4a9ee4227728, type: 3}
  m_PrefabInstance: {fileID: 1633865542564588526}
  m_PrefabAsset: {fileID: 0}
--- !u!1001 &1633865542606416914
PrefabInstance:
  m_ObjectHideFlags: 0
  serializedVersion: 2
  m_Modification:
    m_TransformParent: {fileID: 1633865542068702807}
    m_Modifications:
    - target: {fileID: 969926081819686197, guid: 1b2454c791a0ce446ac8b838e13c8480, type: 3}
      propertyPath: layersForEnemy.m_Bits
      value: 192
      objectReference: {fileID: 0}
    - target: {fileID: 4871707521714267341, guid: 1b2454c791a0ce446ac8b838e13c8480, type: 3}
      propertyPath: m_Name
      value: SnowBall1
      objectReference: {fileID: 0}
    - target: {fileID: 7903091807429572095, guid: 1b2454c791a0ce446ac8b838e13c8480, type: 3}
      propertyPath: m_RootOrder
      value: 1
      objectReference: {fileID: 0}
    - target: {fileID: 7903091807429572095, guid: 1b2454c791a0ce446ac8b838e13c8480, type: 3}
      propertyPath: m_LocalPosition.x
      value: 0
      objectReference: {fileID: 0}
    - target: {fileID: 7903091807429572095, guid: 1b2454c791a0ce446ac8b838e13c8480, type: 3}
      propertyPath: m_LocalPosition.y
      value: 0
      objectReference: {fileID: 0}
    - target: {fileID: 7903091807429572095, guid: 1b2454c791a0ce446ac8b838e13c8480, type: 3}
      propertyPath: m_LocalPosition.z
      value: 0
      objectReference: {fileID: 0}
    - target: {fileID: 7903091807429572095, guid: 1b2454c791a0ce446ac8b838e13c8480, type: 3}
      propertyPath: m_LocalRotation.w
      value: 1
      objectReference: {fileID: 0}
    - target: {fileID: 7903091807429572095, guid: 1b2454c791a0ce446ac8b838e13c8480, type: 3}
      propertyPath: m_LocalRotation.x
      value: -0
      objectReference: {fileID: 0}
    - target: {fileID: 7903091807429572095, guid: 1b2454c791a0ce446ac8b838e13c8480, type: 3}
      propertyPath: m_LocalRotation.y
      value: -0
      objectReference: {fileID: 0}
    - target: {fileID: 7903091807429572095, guid: 1b2454c791a0ce446ac8b838e13c8480, type: 3}
      propertyPath: m_LocalRotation.z
      value: -0
      objectReference: {fileID: 0}
    - target: {fileID: 7903091807429572095, guid: 1b2454c791a0ce446ac8b838e13c8480, type: 3}
      propertyPath: m_LocalEulerAnglesHint.x
      value: 0
      objectReference: {fileID: 0}
    - target: {fileID: 7903091807429572095, guid: 1b2454c791a0ce446ac8b838e13c8480, type: 3}
      propertyPath: m_LocalEulerAnglesHint.y
      value: 0
      objectReference: {fileID: 0}
    - target: {fileID: 7903091807429572095, guid: 1b2454c791a0ce446ac8b838e13c8480, type: 3}
      propertyPath: m_LocalEulerAnglesHint.z
      value: 0
      objectReference: {fileID: 0}
    m_RemovedComponents: []
  m_SourcePrefab: {fileID: 100100000, guid: 1b2454c791a0ce446ac8b838e13c8480, type: 3}
--- !u!1 &6140482307845179615 stripped
GameObject:
  m_CorrespondingSourceObject: {fileID: 4871707521714267341, guid: 1b2454c791a0ce446ac8b838e13c8480, type: 3}
  m_PrefabInstance: {fileID: 1633865542606416914}
  m_PrefabAsset: {fileID: 0}
--- !u!4 &8863581241558817261 stripped
Transform:
  m_CorrespondingSourceObject: {fileID: 7903091807429572095, guid: 1b2454c791a0ce446ac8b838e13c8480, type: 3}
  m_PrefabInstance: {fileID: 1633865542606416914}
  m_PrefabAsset: {fileID: 0}
--- !u!1001 &1633865542684979584
PrefabInstance:
  m_ObjectHideFlags: 0
  serializedVersion: 2
  m_Modification:
    m_TransformParent: {fileID: 1633865541529781057}
    m_Modifications:
    - target: {fileID: 112686964835632903, guid: 3e82f83bf299a1f47b3f4a9ee4227728, type: 3}
      propertyPath: m_RootOrder
      value: 0
      objectReference: {fileID: 0}
    - target: {fileID: 112686964835632903, guid: 3e82f83bf299a1f47b3f4a9ee4227728, type: 3}
      propertyPath: m_LocalPosition.x
      value: 0
      objectReference: {fileID: 0}
    - target: {fileID: 112686964835632903, guid: 3e82f83bf299a1f47b3f4a9ee4227728, type: 3}
      propertyPath: m_LocalPosition.y
      value: 0
      objectReference: {fileID: 0}
    - target: {fileID: 112686964835632903, guid: 3e82f83bf299a1f47b3f4a9ee4227728, type: 3}
      propertyPath: m_LocalPosition.z
      value: 0
      objectReference: {fileID: 0}
    - target: {fileID: 112686964835632903, guid: 3e82f83bf299a1f47b3f4a9ee4227728, type: 3}
      propertyPath: m_LocalRotation.w
      value: 1
      objectReference: {fileID: 0}
    - target: {fileID: 112686964835632903, guid: 3e82f83bf299a1f47b3f4a9ee4227728, type: 3}
      propertyPath: m_LocalRotation.x
      value: -0
      objectReference: {fileID: 0}
    - target: {fileID: 112686964835632903, guid: 3e82f83bf299a1f47b3f4a9ee4227728, type: 3}
      propertyPath: m_LocalRotation.y
      value: -0
      objectReference: {fileID: 0}
    - target: {fileID: 112686964835632903, guid: 3e82f83bf299a1f47b3f4a9ee4227728, type: 3}
      propertyPath: m_LocalRotation.z
      value: -0
      objectReference: {fileID: 0}
    - target: {fileID: 112686964835632903, guid: 3e82f83bf299a1f47b3f4a9ee4227728, type: 3}
      propertyPath: m_LocalEulerAnglesHint.x
      value: 0
      objectReference: {fileID: 0}
    - target: {fileID: 112686964835632903, guid: 3e82f83bf299a1f47b3f4a9ee4227728, type: 3}
      propertyPath: m_LocalEulerAnglesHint.y
      value: 0
      objectReference: {fileID: 0}
    - target: {fileID: 112686964835632903, guid: 3e82f83bf299a1f47b3f4a9ee4227728, type: 3}
      propertyPath: m_LocalEulerAnglesHint.z
      value: 0
      objectReference: {fileID: 0}
    - target: {fileID: 1683942006879558417, guid: 3e82f83bf299a1f47b3f4a9ee4227728, type: 3}
      propertyPath: m_Name
      value: Curva_prafab
      objectReference: {fileID: 0}
    m_RemovedComponents: []
  m_SourcePrefab: {fileID: 100100000, guid: 3e82f83bf299a1f47b3f4a9ee4227728, type: 3}
--- !u!1 &140236491763165841 stripped
GameObject:
  m_CorrespondingSourceObject: {fileID: 1683942006879558417, guid: 3e82f83bf299a1f47b3f4a9ee4227728, type: 3}
  m_PrefabInstance: {fileID: 1633865542684979584}
  m_PrefabAsset: {fileID: 0}
--- !u!4 &1674477316990137991 stripped
Transform:
  m_CorrespondingSourceObject: {fileID: 112686964835632903, guid: 3e82f83bf299a1f47b3f4a9ee4227728, type: 3}
  m_PrefabInstance: {fileID: 1633865542684979584}
  m_PrefabAsset: {fileID: 0}
--- !u!1001 &1633865542827286462
PrefabInstance:
  m_ObjectHideFlags: 0
  serializedVersion: 2
  m_Modification:
    m_TransformParent: {fileID: 1633865541529781057}
    m_Modifications:
    - target: {fileID: 112686964835632903, guid: 3e82f83bf299a1f47b3f4a9ee4227728, type: 3}
      propertyPath: m_RootOrder
      value: 1
      objectReference: {fileID: 0}
    - target: {fileID: 112686964835632903, guid: 3e82f83bf299a1f47b3f4a9ee4227728, type: 3}
      propertyPath: m_LocalPosition.x
      value: 0
      objectReference: {fileID: 0}
    - target: {fileID: 112686964835632903, guid: 3e82f83bf299a1f47b3f4a9ee4227728, type: 3}
      propertyPath: m_LocalPosition.y
      value: 0
      objectReference: {fileID: 0}
    - target: {fileID: 112686964835632903, guid: 3e82f83bf299a1f47b3f4a9ee4227728, type: 3}
      propertyPath: m_LocalPosition.z
      value: 0
      objectReference: {fileID: 0}
    - target: {fileID: 112686964835632903, guid: 3e82f83bf299a1f47b3f4a9ee4227728, type: 3}
      propertyPath: m_LocalRotation.w
      value: 1
      objectReference: {fileID: 0}
    - target: {fileID: 112686964835632903, guid: 3e82f83bf299a1f47b3f4a9ee4227728, type: 3}
      propertyPath: m_LocalRotation.x
      value: -0
      objectReference: {fileID: 0}
    - target: {fileID: 112686964835632903, guid: 3e82f83bf299a1f47b3f4a9ee4227728, type: 3}
      propertyPath: m_LocalRotation.y
      value: -0
      objectReference: {fileID: 0}
    - target: {fileID: 112686964835632903, guid: 3e82f83bf299a1f47b3f4a9ee4227728, type: 3}
      propertyPath: m_LocalRotation.z
      value: -0
      objectReference: {fileID: 0}
    - target: {fileID: 112686964835632903, guid: 3e82f83bf299a1f47b3f4a9ee4227728, type: 3}
      propertyPath: m_LocalEulerAnglesHint.x
      value: 0
      objectReference: {fileID: 0}
    - target: {fileID: 112686964835632903, guid: 3e82f83bf299a1f47b3f4a9ee4227728, type: 3}
      propertyPath: m_LocalEulerAnglesHint.y
      value: 0
      objectReference: {fileID: 0}
    - target: {fileID: 112686964835632903, guid: 3e82f83bf299a1f47b3f4a9ee4227728, type: 3}
      propertyPath: m_LocalEulerAnglesHint.z
      value: 0
      objectReference: {fileID: 0}
    - target: {fileID: 1683942006879558417, guid: 3e82f83bf299a1f47b3f4a9ee4227728, type: 3}
      propertyPath: m_Name
      value: Curva_prafab
      objectReference: {fileID: 0}
    m_RemovedComponents: []
  m_SourcePrefab: {fileID: 100100000, guid: 3e82f83bf299a1f47b3f4a9ee4227728, type: 3}
--- !u!1 &140236491905467567 stripped
GameObject:
  m_CorrespondingSourceObject: {fileID: 1683942006879558417, guid: 3e82f83bf299a1f47b3f4a9ee4227728, type: 3}
  m_PrefabInstance: {fileID: 1633865542827286462}
  m_PrefabAsset: {fileID: 0}
--- !u!4 &1674477316847229113 stripped
Transform:
  m_CorrespondingSourceObject: {fileID: 112686964835632903, guid: 3e82f83bf299a1f47b3f4a9ee4227728, type: 3}
  m_PrefabInstance: {fileID: 1633865542827286462}
  m_PrefabAsset: {fileID: 0}
--- !u!1001 &2239638494813914666
PrefabInstance:
  m_ObjectHideFlags: 0
  serializedVersion: 2
  m_Modification:
    m_TransformParent: {fileID: 1633865542006906737}
    m_Modifications:
    - target: {fileID: 713074776441786379, guid: 84debfa8c45d55543bb89e4accbdb0fe, type: 3}
      propertyPath: m_Name
      value: SnowBall2 (4)
      objectReference: {fileID: 0}
    - target: {fileID: 2869916348716777785, guid: 84debfa8c45d55543bb89e4accbdb0fe, type: 3}
      propertyPath: m_RootOrder
      value: 8
      objectReference: {fileID: 0}
    - target: {fileID: 2869916348716777785, guid: 84debfa8c45d55543bb89e4accbdb0fe, type: 3}
      propertyPath: m_LocalPosition.x
      value: 0
      objectReference: {fileID: 0}
    - target: {fileID: 2869916348716777785, guid: 84debfa8c45d55543bb89e4accbdb0fe, type: 3}
      propertyPath: m_LocalPosition.y
      value: 0
      objectReference: {fileID: 0}
    - target: {fileID: 2869916348716777785, guid: 84debfa8c45d55543bb89e4accbdb0fe, type: 3}
      propertyPath: m_LocalPosition.z
      value: 0
      objectReference: {fileID: 0}
    - target: {fileID: 2869916348716777785, guid: 84debfa8c45d55543bb89e4accbdb0fe, type: 3}
      propertyPath: m_LocalRotation.w
      value: 1
      objectReference: {fileID: 0}
    - target: {fileID: 2869916348716777785, guid: 84debfa8c45d55543bb89e4accbdb0fe, type: 3}
      propertyPath: m_LocalRotation.x
      value: -0
      objectReference: {fileID: 0}
    - target: {fileID: 2869916348716777785, guid: 84debfa8c45d55543bb89e4accbdb0fe, type: 3}
      propertyPath: m_LocalRotation.y
      value: -0
      objectReference: {fileID: 0}
    - target: {fileID: 2869916348716777785, guid: 84debfa8c45d55543bb89e4accbdb0fe, type: 3}
      propertyPath: m_LocalRotation.z
      value: -0
      objectReference: {fileID: 0}
    - target: {fileID: 2869916348716777785, guid: 84debfa8c45d55543bb89e4accbdb0fe, type: 3}
      propertyPath: m_LocalEulerAnglesHint.x
      value: 0
      objectReference: {fileID: 0}
    - target: {fileID: 2869916348716777785, guid: 84debfa8c45d55543bb89e4accbdb0fe, type: 3}
      propertyPath: m_LocalEulerAnglesHint.y
      value: 0
      objectReference: {fileID: 0}
    - target: {fileID: 2869916348716777785, guid: 84debfa8c45d55543bb89e4accbdb0fe, type: 3}
      propertyPath: m_LocalEulerAnglesHint.z
      value: 0
      objectReference: {fileID: 0}
    - target: {fileID: 8158357679656000278, guid: 84debfa8c45d55543bb89e4accbdb0fe, type: 3}
      propertyPath: layersForEnemy.m_Bits
      value: 192
      objectReference: {fileID: 0}
    m_RemovedComponents: []
  m_SourcePrefab: {fileID: 100100000, guid: 84debfa8c45d55543bb89e4accbdb0fe, type: 3}
--- !u!4 &4091299186496309011 stripped
Transform:
  m_CorrespondingSourceObject: {fileID: 2869916348716777785, guid: 84debfa8c45d55543bb89e4accbdb0fe, type: 3}
  m_PrefabInstance: {fileID: 2239638494813914666}
  m_PrefabAsset: {fileID: 0}
--- !u!1 &1653264043499460129 stripped
GameObject:
  m_CorrespondingSourceObject: {fileID: 713074776441786379, guid: 84debfa8c45d55543bb89e4accbdb0fe, type: 3}
  m_PrefabInstance: {fileID: 2239638494813914666}
  m_PrefabAsset: {fileID: 0}
--- !u!1001 &2244014442075427418
PrefabInstance:
  m_ObjectHideFlags: 0
  serializedVersion: 2
  m_Modification:
    m_TransformParent: {fileID: 1633865542006906737}
    m_Modifications:
    - target: {fileID: 713074776441786379, guid: 84debfa8c45d55543bb89e4accbdb0fe, type: 3}
      propertyPath: m_Name
      value: SnowBall2 (3)
      objectReference: {fileID: 0}
    - target: {fileID: 2869916348716777785, guid: 84debfa8c45d55543bb89e4accbdb0fe, type: 3}
      propertyPath: m_RootOrder
      value: 7
      objectReference: {fileID: 0}
    - target: {fileID: 2869916348716777785, guid: 84debfa8c45d55543bb89e4accbdb0fe, type: 3}
      propertyPath: m_LocalPosition.x
      value: 0
      objectReference: {fileID: 0}
    - target: {fileID: 2869916348716777785, guid: 84debfa8c45d55543bb89e4accbdb0fe, type: 3}
      propertyPath: m_LocalPosition.y
      value: 0
      objectReference: {fileID: 0}
    - target: {fileID: 2869916348716777785, guid: 84debfa8c45d55543bb89e4accbdb0fe, type: 3}
      propertyPath: m_LocalPosition.z
      value: 0
      objectReference: {fileID: 0}
    - target: {fileID: 2869916348716777785, guid: 84debfa8c45d55543bb89e4accbdb0fe, type: 3}
      propertyPath: m_LocalRotation.w
      value: 1
      objectReference: {fileID: 0}
    - target: {fileID: 2869916348716777785, guid: 84debfa8c45d55543bb89e4accbdb0fe, type: 3}
      propertyPath: m_LocalRotation.x
      value: -0
      objectReference: {fileID: 0}
    - target: {fileID: 2869916348716777785, guid: 84debfa8c45d55543bb89e4accbdb0fe, type: 3}
      propertyPath: m_LocalRotation.y
      value: -0
      objectReference: {fileID: 0}
    - target: {fileID: 2869916348716777785, guid: 84debfa8c45d55543bb89e4accbdb0fe, type: 3}
      propertyPath: m_LocalRotation.z
      value: -0
      objectReference: {fileID: 0}
    - target: {fileID: 2869916348716777785, guid: 84debfa8c45d55543bb89e4accbdb0fe, type: 3}
      propertyPath: m_LocalEulerAnglesHint.x
      value: 0
      objectReference: {fileID: 0}
    - target: {fileID: 2869916348716777785, guid: 84debfa8c45d55543bb89e4accbdb0fe, type: 3}
      propertyPath: m_LocalEulerAnglesHint.y
      value: 0
      objectReference: {fileID: 0}
    - target: {fileID: 2869916348716777785, guid: 84debfa8c45d55543bb89e4accbdb0fe, type: 3}
      propertyPath: m_LocalEulerAnglesHint.z
      value: 0
      objectReference: {fileID: 0}
    - target: {fileID: 8158357679656000278, guid: 84debfa8c45d55543bb89e4accbdb0fe, type: 3}
      propertyPath: layersForEnemy.m_Bits
      value: 192
      objectReference: {fileID: 0}
    m_RemovedComponents: []
  m_SourcePrefab: {fileID: 100100000, guid: 84debfa8c45d55543bb89e4accbdb0fe, type: 3}
--- !u!4 &4104937088050860899 stripped
Transform:
  m_CorrespondingSourceObject: {fileID: 2869916348716777785, guid: 84debfa8c45d55543bb89e4accbdb0fe, type: 3}
  m_PrefabInstance: {fileID: 2244014442075427418}
  m_PrefabAsset: {fileID: 0}
--- !u!1 &1639607707069186641 stripped
GameObject:
  m_CorrespondingSourceObject: {fileID: 713074776441786379, guid: 84debfa8c45d55543bb89e4accbdb0fe, type: 3}
  m_PrefabInstance: {fileID: 2244014442075427418}
  m_PrefabAsset: {fileID: 0}
--- !u!1001 &2340294041589998297
PrefabInstance:
  m_ObjectHideFlags: 0
  serializedVersion: 2
  m_Modification:
    m_TransformParent: {fileID: 1633865542068702807}
    m_Modifications:
    - target: {fileID: 969926081819686197, guid: 1b2454c791a0ce446ac8b838e13c8480, type: 3}
      propertyPath: layersForEnemy.m_Bits
      value: 192
      objectReference: {fileID: 0}
    - target: {fileID: 4871707521714267341, guid: 1b2454c791a0ce446ac8b838e13c8480, type: 3}
      propertyPath: m_Name
      value: SnowBall1 (1)
      objectReference: {fileID: 0}
    - target: {fileID: 7903091807429572095, guid: 1b2454c791a0ce446ac8b838e13c8480, type: 3}
      propertyPath: m_RootOrder
      value: 5
      objectReference: {fileID: 0}
    - target: {fileID: 7903091807429572095, guid: 1b2454c791a0ce446ac8b838e13c8480, type: 3}
      propertyPath: m_LocalPosition.x
      value: 0
      objectReference: {fileID: 0}
    - target: {fileID: 7903091807429572095, guid: 1b2454c791a0ce446ac8b838e13c8480, type: 3}
      propertyPath: m_LocalPosition.y
      value: 0
      objectReference: {fileID: 0}
    - target: {fileID: 7903091807429572095, guid: 1b2454c791a0ce446ac8b838e13c8480, type: 3}
      propertyPath: m_LocalPosition.z
      value: 0
      objectReference: {fileID: 0}
    - target: {fileID: 7903091807429572095, guid: 1b2454c791a0ce446ac8b838e13c8480, type: 3}
      propertyPath: m_LocalRotation.w
      value: 1
      objectReference: {fileID: 0}
    - target: {fileID: 7903091807429572095, guid: 1b2454c791a0ce446ac8b838e13c8480, type: 3}
      propertyPath: m_LocalRotation.x
      value: -0
      objectReference: {fileID: 0}
    - target: {fileID: 7903091807429572095, guid: 1b2454c791a0ce446ac8b838e13c8480, type: 3}
      propertyPath: m_LocalRotation.y
      value: -0
      objectReference: {fileID: 0}
    - target: {fileID: 7903091807429572095, guid: 1b2454c791a0ce446ac8b838e13c8480, type: 3}
      propertyPath: m_LocalRotation.z
      value: -0
      objectReference: {fileID: 0}
    - target: {fileID: 7903091807429572095, guid: 1b2454c791a0ce446ac8b838e13c8480, type: 3}
      propertyPath: m_LocalEulerAnglesHint.x
      value: 0
      objectReference: {fileID: 0}
    - target: {fileID: 7903091807429572095, guid: 1b2454c791a0ce446ac8b838e13c8480, type: 3}
      propertyPath: m_LocalEulerAnglesHint.y
      value: 0
      objectReference: {fileID: 0}
    - target: {fileID: 7903091807429572095, guid: 1b2454c791a0ce446ac8b838e13c8480, type: 3}
      propertyPath: m_LocalEulerAnglesHint.z
      value: 0
      objectReference: {fileID: 0}
    m_RemovedComponents: []
  m_SourcePrefab: {fileID: 100100000, guid: 1b2454c791a0ce446ac8b838e13c8480, type: 3}
--- !u!4 &5608961930125170470 stripped
Transform:
  m_CorrespondingSourceObject: {fileID: 7903091807429572095, guid: 1b2454c791a0ce446ac8b838e13c8480, type: 3}
  m_PrefabInstance: {fileID: 2340294041589998297}
  m_PrefabAsset: {fileID: 0}
--- !u!1 &7197224058026444308 stripped
GameObject:
  m_CorrespondingSourceObject: {fileID: 4871707521714267341, guid: 1b2454c791a0ce446ac8b838e13c8480, type: 3}
  m_PrefabInstance: {fileID: 2340294041589998297}
  m_PrefabAsset: {fileID: 0}
--- !u!1001 &3153095740252247693
PrefabInstance:
  m_ObjectHideFlags: 0
  serializedVersion: 2
  m_Modification:
    m_TransformParent: {fileID: 1633865542068702807}
    m_Modifications:
    - target: {fileID: 969926081819686197, guid: 1b2454c791a0ce446ac8b838e13c8480, type: 3}
      propertyPath: layersForEnemy.m_Bits
      value: 192
      objectReference: {fileID: 0}
    - target: {fileID: 4871707521714267341, guid: 1b2454c791a0ce446ac8b838e13c8480, type: 3}
      propertyPath: m_Name
      value: SnowBall1 (5)
      objectReference: {fileID: 0}
    - target: {fileID: 7903091807429572095, guid: 1b2454c791a0ce446ac8b838e13c8480, type: 3}
      propertyPath: m_RootOrder
      value: 9
      objectReference: {fileID: 0}
    - target: {fileID: 7903091807429572095, guid: 1b2454c791a0ce446ac8b838e13c8480, type: 3}
      propertyPath: m_LocalPosition.x
      value: 0
      objectReference: {fileID: 0}
    - target: {fileID: 7903091807429572095, guid: 1b2454c791a0ce446ac8b838e13c8480, type: 3}
      propertyPath: m_LocalPosition.y
      value: 0
      objectReference: {fileID: 0}
    - target: {fileID: 7903091807429572095, guid: 1b2454c791a0ce446ac8b838e13c8480, type: 3}
      propertyPath: m_LocalPosition.z
      value: 0
      objectReference: {fileID: 0}
    - target: {fileID: 7903091807429572095, guid: 1b2454c791a0ce446ac8b838e13c8480, type: 3}
      propertyPath: m_LocalRotation.w
      value: 1
      objectReference: {fileID: 0}
    - target: {fileID: 7903091807429572095, guid: 1b2454c791a0ce446ac8b838e13c8480, type: 3}
      propertyPath: m_LocalRotation.x
      value: -0
      objectReference: {fileID: 0}
    - target: {fileID: 7903091807429572095, guid: 1b2454c791a0ce446ac8b838e13c8480, type: 3}
      propertyPath: m_LocalRotation.y
      value: -0
      objectReference: {fileID: 0}
    - target: {fileID: 7903091807429572095, guid: 1b2454c791a0ce446ac8b838e13c8480, type: 3}
      propertyPath: m_LocalRotation.z
      value: -0
      objectReference: {fileID: 0}
    - target: {fileID: 7903091807429572095, guid: 1b2454c791a0ce446ac8b838e13c8480, type: 3}
      propertyPath: m_LocalEulerAnglesHint.x
      value: 0
      objectReference: {fileID: 0}
    - target: {fileID: 7903091807429572095, guid: 1b2454c791a0ce446ac8b838e13c8480, type: 3}
      propertyPath: m_LocalEulerAnglesHint.y
      value: 0
      objectReference: {fileID: 0}
    - target: {fileID: 7903091807429572095, guid: 1b2454c791a0ce446ac8b838e13c8480, type: 3}
      propertyPath: m_LocalEulerAnglesHint.z
      value: 0
      objectReference: {fileID: 0}
    m_RemovedComponents: []
  m_SourcePrefab: {fileID: 100100000, guid: 1b2454c791a0ce446ac8b838e13c8480, type: 3}
--- !u!1 &7519256502623334976 stripped
GameObject:
  m_CorrespondingSourceObject: {fileID: 4871707521714267341, guid: 1b2454c791a0ce446ac8b838e13c8480, type: 3}
  m_PrefabInstance: {fileID: 3153095740252247693}
  m_PrefabAsset: {fileID: 0}
--- !u!4 &5075389649274004338 stripped
Transform:
  m_CorrespondingSourceObject: {fileID: 7903091807429572095, guid: 1b2454c791a0ce446ac8b838e13c8480, type: 3}
  m_PrefabInstance: {fileID: 3153095740252247693}
  m_PrefabAsset: {fileID: 0}
--- !u!1001 &3808093529988362071
PrefabInstance:
  m_ObjectHideFlags: 0
  serializedVersion: 2
  m_Modification:
    m_TransformParent: {fileID: 1633865542006906737}
    m_Modifications:
    - target: {fileID: 713074776441786379, guid: 84debfa8c45d55543bb89e4accbdb0fe, type: 3}
      propertyPath: m_Name
      value: SnowBall2 (1)
      objectReference: {fileID: 0}
    - target: {fileID: 2869916348716777785, guid: 84debfa8c45d55543bb89e4accbdb0fe, type: 3}
      propertyPath: m_RootOrder
      value: 5
      objectReference: {fileID: 0}
    - target: {fileID: 2869916348716777785, guid: 84debfa8c45d55543bb89e4accbdb0fe, type: 3}
      propertyPath: m_LocalPosition.x
      value: 0
      objectReference: {fileID: 0}
    - target: {fileID: 2869916348716777785, guid: 84debfa8c45d55543bb89e4accbdb0fe, type: 3}
      propertyPath: m_LocalPosition.y
      value: 0
      objectReference: {fileID: 0}
    - target: {fileID: 2869916348716777785, guid: 84debfa8c45d55543bb89e4accbdb0fe, type: 3}
      propertyPath: m_LocalPosition.z
      value: 0
      objectReference: {fileID: 0}
    - target: {fileID: 2869916348716777785, guid: 84debfa8c45d55543bb89e4accbdb0fe, type: 3}
      propertyPath: m_LocalRotation.w
      value: 1
      objectReference: {fileID: 0}
    - target: {fileID: 2869916348716777785, guid: 84debfa8c45d55543bb89e4accbdb0fe, type: 3}
      propertyPath: m_LocalRotation.x
      value: -0
      objectReference: {fileID: 0}
    - target: {fileID: 2869916348716777785, guid: 84debfa8c45d55543bb89e4accbdb0fe, type: 3}
      propertyPath: m_LocalRotation.y
      value: -0
      objectReference: {fileID: 0}
    - target: {fileID: 2869916348716777785, guid: 84debfa8c45d55543bb89e4accbdb0fe, type: 3}
      propertyPath: m_LocalRotation.z
      value: -0
      objectReference: {fileID: 0}
    - target: {fileID: 2869916348716777785, guid: 84debfa8c45d55543bb89e4accbdb0fe, type: 3}
      propertyPath: m_LocalEulerAnglesHint.x
      value: 0
      objectReference: {fileID: 0}
    - target: {fileID: 2869916348716777785, guid: 84debfa8c45d55543bb89e4accbdb0fe, type: 3}
      propertyPath: m_LocalEulerAnglesHint.y
      value: 0
      objectReference: {fileID: 0}
    - target: {fileID: 2869916348716777785, guid: 84debfa8c45d55543bb89e4accbdb0fe, type: 3}
      propertyPath: m_LocalEulerAnglesHint.z
      value: 0
      objectReference: {fileID: 0}
    - target: {fileID: 8158357679656000278, guid: 84debfa8c45d55543bb89e4accbdb0fe, type: 3}
      propertyPath: layersForEnemy.m_Bits
      value: 192
      objectReference: {fileID: 0}
    m_RemovedComponents: []
  m_SourcePrefab: {fileID: 100100000, guid: 84debfa8c45d55543bb89e4accbdb0fe, type: 3}
--- !u!4 &1372169986255285870 stripped
Transform:
  m_CorrespondingSourceObject: {fileID: 2869916348716777785, guid: 84debfa8c45d55543bb89e4accbdb0fe, type: 3}
  m_PrefabInstance: {fileID: 3808093529988362071}
  m_PrefabAsset: {fileID: 0}
--- !u!1 &4412482379410702172 stripped
GameObject:
  m_CorrespondingSourceObject: {fileID: 713074776441786379, guid: 84debfa8c45d55543bb89e4accbdb0fe, type: 3}
  m_PrefabInstance: {fileID: 3808093529988362071}
  m_PrefabAsset: {fileID: 0}
--- !u!1001 &3964304403218106314
PrefabInstance:
  m_ObjectHideFlags: 0
  serializedVersion: 2
  m_Modification:
    m_TransformParent: {fileID: 1633865542068702807}
    m_Modifications:
    - target: {fileID: 4871707521714267341, guid: 1b2454c791a0ce446ac8b838e13c8480, type: 3}
      propertyPath: m_Name
      value: SnowBall1
      objectReference: {fileID: 0}
    - target: {fileID: 7903091807429572095, guid: 1b2454c791a0ce446ac8b838e13c8480, type: 3}
      propertyPath: m_RootOrder
      value: 0
      objectReference: {fileID: 0}
    - target: {fileID: 7903091807429572095, guid: 1b2454c791a0ce446ac8b838e13c8480, type: 3}
      propertyPath: m_LocalPosition.x
      value: 0
      objectReference: {fileID: 0}
    - target: {fileID: 7903091807429572095, guid: 1b2454c791a0ce446ac8b838e13c8480, type: 3}
      propertyPath: m_LocalPosition.y
      value: 0
      objectReference: {fileID: 0}
    - target: {fileID: 7903091807429572095, guid: 1b2454c791a0ce446ac8b838e13c8480, type: 3}
      propertyPath: m_LocalPosition.z
      value: 0
      objectReference: {fileID: 0}
    - target: {fileID: 7903091807429572095, guid: 1b2454c791a0ce446ac8b838e13c8480, type: 3}
      propertyPath: m_LocalRotation.w
      value: 1
      objectReference: {fileID: 0}
    - target: {fileID: 7903091807429572095, guid: 1b2454c791a0ce446ac8b838e13c8480, type: 3}
      propertyPath: m_LocalRotation.x
      value: -0
      objectReference: {fileID: 0}
    - target: {fileID: 7903091807429572095, guid: 1b2454c791a0ce446ac8b838e13c8480, type: 3}
      propertyPath: m_LocalRotation.y
      value: -0
      objectReference: {fileID: 0}
    - target: {fileID: 7903091807429572095, guid: 1b2454c791a0ce446ac8b838e13c8480, type: 3}
      propertyPath: m_LocalRotation.z
      value: -0
      objectReference: {fileID: 0}
    - target: {fileID: 7903091807429572095, guid: 1b2454c791a0ce446ac8b838e13c8480, type: 3}
      propertyPath: m_LocalEulerAnglesHint.x
      value: 0
      objectReference: {fileID: 0}
    - target: {fileID: 7903091807429572095, guid: 1b2454c791a0ce446ac8b838e13c8480, type: 3}
      propertyPath: m_LocalEulerAnglesHint.y
      value: 0
      objectReference: {fileID: 0}
    - target: {fileID: 7903091807429572095, guid: 1b2454c791a0ce446ac8b838e13c8480, type: 3}
      propertyPath: m_LocalEulerAnglesHint.z
      value: 0
      objectReference: {fileID: 0}
    m_RemovedComponents: []
  m_SourcePrefab: {fileID: 100100000, guid: 1b2454c791a0ce446ac8b838e13c8480, type: 3}
--- !u!4 &6532864857660109365 stripped
Transform:
  m_CorrespondingSourceObject: {fileID: 7903091807429572095, guid: 1b2454c791a0ce446ac8b838e13c8480, type: 3}
  m_PrefabInstance: {fileID: 3964304403218106314}
  m_PrefabAsset: {fileID: 0}
--- !u!1 &8403648684188082951 stripped
GameObject:
  m_CorrespondingSourceObject: {fileID: 4871707521714267341, guid: 1b2454c791a0ce446ac8b838e13c8480, type: 3}
  m_PrefabInstance: {fileID: 3964304403218106314}
  m_PrefabAsset: {fileID: 0}
--- !u!1001 &5867930844619183900
PrefabInstance:
  m_ObjectHideFlags: 0
  serializedVersion: 2
  m_Modification:
    m_TransformParent: {fileID: 1633865542068702807}
    m_Modifications:
    - target: {fileID: 969926081819686197, guid: 1b2454c791a0ce446ac8b838e13c8480, type: 3}
      propertyPath: layersForEnemy.m_Bits
      value: 192
      objectReference: {fileID: 0}
    - target: {fileID: 4871707521714267341, guid: 1b2454c791a0ce446ac8b838e13c8480, type: 3}
      propertyPath: m_Name
      value: SnowBall1 (2)
      objectReference: {fileID: 0}
    - target: {fileID: 7903091807429572095, guid: 1b2454c791a0ce446ac8b838e13c8480, type: 3}
      propertyPath: m_RootOrder
      value: 6
      objectReference: {fileID: 0}
    - target: {fileID: 7903091807429572095, guid: 1b2454c791a0ce446ac8b838e13c8480, type: 3}
      propertyPath: m_LocalPosition.x
      value: 0
      objectReference: {fileID: 0}
    - target: {fileID: 7903091807429572095, guid: 1b2454c791a0ce446ac8b838e13c8480, type: 3}
      propertyPath: m_LocalPosition.y
      value: 0
      objectReference: {fileID: 0}
    - target: {fileID: 7903091807429572095, guid: 1b2454c791a0ce446ac8b838e13c8480, type: 3}
      propertyPath: m_LocalPosition.z
      value: 0
      objectReference: {fileID: 0}
    - target: {fileID: 7903091807429572095, guid: 1b2454c791a0ce446ac8b838e13c8480, type: 3}
      propertyPath: m_LocalRotation.w
      value: 1
      objectReference: {fileID: 0}
    - target: {fileID: 7903091807429572095, guid: 1b2454c791a0ce446ac8b838e13c8480, type: 3}
      propertyPath: m_LocalRotation.x
      value: -0
      objectReference: {fileID: 0}
    - target: {fileID: 7903091807429572095, guid: 1b2454c791a0ce446ac8b838e13c8480, type: 3}
      propertyPath: m_LocalRotation.y
      value: -0
      objectReference: {fileID: 0}
    - target: {fileID: 7903091807429572095, guid: 1b2454c791a0ce446ac8b838e13c8480, type: 3}
      propertyPath: m_LocalRotation.z
      value: -0
      objectReference: {fileID: 0}
    - target: {fileID: 7903091807429572095, guid: 1b2454c791a0ce446ac8b838e13c8480, type: 3}
      propertyPath: m_LocalEulerAnglesHint.x
      value: 0
      objectReference: {fileID: 0}
    - target: {fileID: 7903091807429572095, guid: 1b2454c791a0ce446ac8b838e13c8480, type: 3}
      propertyPath: m_LocalEulerAnglesHint.y
      value: 0
      objectReference: {fileID: 0}
    - target: {fileID: 7903091807429572095, guid: 1b2454c791a0ce446ac8b838e13c8480, type: 3}
      propertyPath: m_LocalEulerAnglesHint.z
      value: 0
      objectReference: {fileID: 0}
    m_RemovedComponents: []
  m_SourcePrefab: {fileID: 100100000, guid: 1b2454c791a0ce446ac8b838e13c8480, type: 3}
--- !u!4 &4378193879899710179 stripped
Transform:
  m_CorrespondingSourceObject: {fileID: 7903091807429572095, guid: 1b2454c791a0ce446ac8b838e13c8480, type: 3}
  m_PrefabInstance: {fileID: 5867930844619183900}
  m_PrefabAsset: {fileID: 0}
--- !u!1 &1365958679298651089 stripped
GameObject:
  m_CorrespondingSourceObject: {fileID: 4871707521714267341, guid: 1b2454c791a0ce446ac8b838e13c8480, type: 3}
  m_PrefabInstance: {fileID: 5867930844619183900}
  m_PrefabAsset: {fileID: 0}
--- !u!1001 &6006237841299054974
PrefabInstance:
  m_ObjectHideFlags: 0
  serializedVersion: 2
  m_Modification:
    m_TransformParent: {fileID: 1633865542068702807}
    m_Modifications:
    - target: {fileID: 969926081819686197, guid: 1b2454c791a0ce446ac8b838e13c8480, type: 3}
      propertyPath: layersForEnemy.m_Bits
      value: 192
      objectReference: {fileID: 0}
    - target: {fileID: 4871707521714267341, guid: 1b2454c791a0ce446ac8b838e13c8480, type: 3}
      propertyPath: m_Name
      value: SnowBall1 (4)
      objectReference: {fileID: 0}
    - target: {fileID: 7903091807429572095, guid: 1b2454c791a0ce446ac8b838e13c8480, type: 3}
      propertyPath: m_RootOrder
      value: 8
      objectReference: {fileID: 0}
    - target: {fileID: 7903091807429572095, guid: 1b2454c791a0ce446ac8b838e13c8480, type: 3}
      propertyPath: m_LocalPosition.x
      value: 0
      objectReference: {fileID: 0}
    - target: {fileID: 7903091807429572095, guid: 1b2454c791a0ce446ac8b838e13c8480, type: 3}
      propertyPath: m_LocalPosition.y
      value: 0
      objectReference: {fileID: 0}
    - target: {fileID: 7903091807429572095, guid: 1b2454c791a0ce446ac8b838e13c8480, type: 3}
      propertyPath: m_LocalPosition.z
      value: 0
      objectReference: {fileID: 0}
    - target: {fileID: 7903091807429572095, guid: 1b2454c791a0ce446ac8b838e13c8480, type: 3}
      propertyPath: m_LocalRotation.w
      value: 1
      objectReference: {fileID: 0}
    - target: {fileID: 7903091807429572095, guid: 1b2454c791a0ce446ac8b838e13c8480, type: 3}
      propertyPath: m_LocalRotation.x
      value: -0
      objectReference: {fileID: 0}
    - target: {fileID: 7903091807429572095, guid: 1b2454c791a0ce446ac8b838e13c8480, type: 3}
      propertyPath: m_LocalRotation.y
      value: -0
      objectReference: {fileID: 0}
    - target: {fileID: 7903091807429572095, guid: 1b2454c791a0ce446ac8b838e13c8480, type: 3}
      propertyPath: m_LocalRotation.z
      value: -0
      objectReference: {fileID: 0}
    - target: {fileID: 7903091807429572095, guid: 1b2454c791a0ce446ac8b838e13c8480, type: 3}
      propertyPath: m_LocalEulerAnglesHint.x
      value: 0
      objectReference: {fileID: 0}
    - target: {fileID: 7903091807429572095, guid: 1b2454c791a0ce446ac8b838e13c8480, type: 3}
      propertyPath: m_LocalEulerAnglesHint.y
      value: 0
      objectReference: {fileID: 0}
    - target: {fileID: 7903091807429572095, guid: 1b2454c791a0ce446ac8b838e13c8480, type: 3}
      propertyPath: m_LocalEulerAnglesHint.z
      value: 0
      objectReference: {fileID: 0}
    m_RemovedComponents: []
  m_SourcePrefab: {fileID: 100100000, guid: 1b2454c791a0ce446ac8b838e13c8480, type: 3}
--- !u!1 &1207449943363749299 stripped
GameObject:
  m_CorrespondingSourceObject: {fileID: 4871707521714267341, guid: 1b2454c791a0ce446ac8b838e13c8480, type: 3}
  m_PrefabInstance: {fileID: 6006237841299054974}
  m_PrefabAsset: {fileID: 0}
--- !u!4 &4537127443021960321 stripped
Transform:
  m_CorrespondingSourceObject: {fileID: 7903091807429572095, guid: 1b2454c791a0ce446ac8b838e13c8480, type: 3}
  m_PrefabInstance: {fileID: 6006237841299054974}
  m_PrefabAsset: {fileID: 0}
--- !u!1001 &8146085003498924831
PrefabInstance:
  m_ObjectHideFlags: 0
  serializedVersion: 2
  m_Modification:
    m_TransformParent: {fileID: 1633865542006906737}
    m_Modifications:
    - target: {fileID: 713074776441786379, guid: 84debfa8c45d55543bb89e4accbdb0fe, type: 3}
      propertyPath: m_Name
      value: SnowBall2 (5)
      objectReference: {fileID: 0}
    - target: {fileID: 2869916348716777785, guid: 84debfa8c45d55543bb89e4accbdb0fe, type: 3}
      propertyPath: m_RootOrder
      value: 9
      objectReference: {fileID: 0}
    - target: {fileID: 2869916348716777785, guid: 84debfa8c45d55543bb89e4accbdb0fe, type: 3}
      propertyPath: m_LocalPosition.x
      value: 0
      objectReference: {fileID: 0}
    - target: {fileID: 2869916348716777785, guid: 84debfa8c45d55543bb89e4accbdb0fe, type: 3}
      propertyPath: m_LocalPosition.y
      value: 0
      objectReference: {fileID: 0}
    - target: {fileID: 2869916348716777785, guid: 84debfa8c45d55543bb89e4accbdb0fe, type: 3}
      propertyPath: m_LocalPosition.z
      value: 0
      objectReference: {fileID: 0}
    - target: {fileID: 2869916348716777785, guid: 84debfa8c45d55543bb89e4accbdb0fe, type: 3}
      propertyPath: m_LocalRotation.w
      value: 1
      objectReference: {fileID: 0}
    - target: {fileID: 2869916348716777785, guid: 84debfa8c45d55543bb89e4accbdb0fe, type: 3}
      propertyPath: m_LocalRotation.x
      value: -0
      objectReference: {fileID: 0}
    - target: {fileID: 2869916348716777785, guid: 84debfa8c45d55543bb89e4accbdb0fe, type: 3}
      propertyPath: m_LocalRotation.y
      value: -0
      objectReference: {fileID: 0}
    - target: {fileID: 2869916348716777785, guid: 84debfa8c45d55543bb89e4accbdb0fe, type: 3}
      propertyPath: m_LocalRotation.z
      value: -0
      objectReference: {fileID: 0}
    - target: {fileID: 2869916348716777785, guid: 84debfa8c45d55543bb89e4accbdb0fe, type: 3}
      propertyPath: m_LocalEulerAnglesHint.x
      value: 0
      objectReference: {fileID: 0}
    - target: {fileID: 2869916348716777785, guid: 84debfa8c45d55543bb89e4accbdb0fe, type: 3}
      propertyPath: m_LocalEulerAnglesHint.y
      value: 0
      objectReference: {fileID: 0}
    - target: {fileID: 2869916348716777785, guid: 84debfa8c45d55543bb89e4accbdb0fe, type: 3}
      propertyPath: m_LocalEulerAnglesHint.z
      value: 0
      objectReference: {fileID: 0}
    - target: {fileID: 8158357679656000278, guid: 84debfa8c45d55543bb89e4accbdb0fe, type: 3}
      propertyPath: layersForEnemy.m_Bits
      value: 192
      objectReference: {fileID: 0}
    m_RemovedComponents: []
  m_SourcePrefab: {fileID: 100100000, guid: 84debfa8c45d55543bb89e4accbdb0fe, type: 3}
--- !u!4 &6259801791117470246 stripped
Transform:
  m_CorrespondingSourceObject: {fileID: 2869916348716777785, guid: 84debfa8c45d55543bb89e4accbdb0fe, type: 3}
  m_PrefabInstance: {fileID: 8146085003498924831}
  m_PrefabAsset: {fileID: 0}
--- !u!1 &8712755116193233684 stripped
GameObject:
  m_CorrespondingSourceObject: {fileID: 713074776441786379, guid: 84debfa8c45d55543bb89e4accbdb0fe, type: 3}
  m_PrefabInstance: {fileID: 8146085003498924831}
  m_PrefabAsset: {fileID: 0}
